2946 4830
608 281 728 373 *43

139 448 206 508 τῶν
230 440 391 532 Ἑλλήνων
421 437 480 523 οὐχ
508 439 681 532 ὁμοφύλου
709 442 823 527 γένους
846 437 957 525 ἄρχειν
985 435 1130 520 ἀξιώσας
1155 439 1282 526 μόνος

138 541 193 609 καί
215 544 387 630 διαφυγών
407 537 564 630 ἠδυνήθη
582 543 660 621 τοὺς
680 539 853 619 κινδύνους
873 538 950 617 τοὺς
977 538 1049 621 περὶ
1076 545 1132 626 τῆς
1157 565 1283 624 μοναρ-

140 639 214 723 χίας
235 641 453 728 γιγνομένους.
498 644 570 724 Quo
593 647 692 710 etiam
714 645 802 709 haud
824 645 892 708 scio
915 664 957 704 an
977 643 1052 728 jure
1074 643 1214 706 referam
1235 644 1282 709 lo·

142 767 214 808 cum
234 744 309 818 XV,
339 750 409 825 271,
445 766 508 830 quo
531 743 731 829 sapientibus
757 742 943 808 hominibus
971 740 1158 827 philosophi
1179 766 1280 829 oppo-

140 853 260 909 nuntur
277 844 380 908 hisce:
403 839 564 925 σοφούς
583 840 641 923 μὲν
662 837 785 922 νομίζω
800 839 877 917 τοὺς
890 842 963 915 ταῖς
977 835 1090 917 δόξαις
1104 836 1281 923 ἐπιτυγχά-

142 965 208 1005 νειν
230 935 275 1017 ὡς
297 937 354 1005 ε’τιὶ
368 939 405 1006 τό
427 939 513 1005 πολὺ
529 945 589 1004 τοῦ
600 940 771 1025 βελτίστου
788 937 999 1020 δυναμένους,
1023 935 1281 1024 φιλοσόφους

146 1038 182 1106 δὲ
207 1038 285 1117 τοὺς
316 1037 351 1103 ἐν
384 1035 515 1116 τούτοις
547 1036 785 1125 διατρίβοντας,
813 1035 849 1118 ἐξ
875 1027 921 1102 ὦν
945 1034 1079 1117 τάχιστα
1112 1033 1279 1126 λήψονται
1326 1099 1329 1104 .

140 1140 197 1226 τὴν
217 1137 378 1225 τοιαύτην
399 1137 567 1228 φρόνησιν.

216 1241 482 1358 Polyptoton
509 1239 821 1325 figuram'legimus
849 1238 946 1318 XVI,
977 1246 1031 1306 41:
1058 1234 1184 1319 τὰμὲν
1212 1231 1276 1324 ὑφ>

140 1334 270 1422 ὑμῶν,
303 1337 344 1402 τὰ
367 1337 402 1402 δὲ
431 1333 482 1403 δι
511 1334 632 1420 υμᾶς,
657 1331 794 1401 τόιδΗ
778 1335 875 1419 vnio
897 1331 1025 1416 ὑμῶν,
1058 1336 1098 1400 τὰ
1129 1331 1277 1419 δὲμεθ’

140 1462 251 1518 υμων
273 1441 312 1504 cf
326 1448 366 1506 50
388 1461 461 1502 τοτε
477 1461 537 1519 ιεν
558 1431 654 1519 μεθ
677 1432 799 1519 ὑμῶν,
822 1460 879 1500 νυν
900 1429 1022 1523 (lavo)
1044 1431 1276 1518 opcuvetlv,

142 1545 182 1604 27
197 1526 277 1601 ἒν
257 1563 277 1624 p
299 1560 515 1618 κατοιιουμεν
530 1561 587 1602 και
579 1529 705 1619 μεθ
730 1524 773 1622 ἧς
793 1529 1049 1616 πολιτευόμεθα
1073 1536 1129 1601 καὶ
1153 1530 1208 1601 ό
1181 1563 1193 1602 ι
1233 1526 1279 1624 ἧν

142 1637 198 1723 ζῆν
219 1632 398 1719 δυνάμεθα.

224 1738 273 1802 Ac
297 1737 394 1802 simili
414 1737 508 1803 modo
538 1737 663 1802 alienae
690 1747 762 1801 sunt
791 1736 833 1801 ab
858 1736 901 1801 Is.
928 1735 1052 1822 figurae
1078 1737 1165 1815 illae,
1197 1762 1280 1824 quae

146 1838 320 1902 verborum
337 1837 596 1901 detractione
609 1836 747 1924 quadam
758 1838 906 1900 oriuntur
918 1835 1055 1923 ideoque
1069 1839 1280 1903 concinnitati

143 1959 181 2000 ac
212 1938 437 2022 perspicuitati
465 1935 561 2000 facile
589 1935 728 2000 obstant.
775 1935 924 2022 Namque
955 1929 1186 2015 ἐλλείψεως
1215 1930 1279 2004 duo

142 2036 363 2110 tantummodo
385 2039 419 2099 in
439 2041 593 2122 promptu
615 2045 688 2099 sunt
709 2034 858 2121 exempla
880 2035 941 2110 IV,
969 2041 1026 2103 136
1051 2032 1092 2098 τὰ
1118 2032 1179 2114 μὲν
1199 2029 1280 2114 ἔχεις

140 2131 181 2198 τὰ
210 2130 246 2197 δὲ
271 2130 387 2214 μέλλει
408 2158 451 2198 sc.
464 2128 601 2219 ’σχήσειν
621 2135 716 2217 eux,
739 2140 779 2200 26
807 2130 866 2210 τὰς
886 2132 944 2214 μὲν
964 2129 1144 2214 ἐπόρθουν,
1167 2133 1227 2212 τὰς
1248 2132 1277 2199 δ’

143 2226 283 2321 ἤμελλον
305 2258 348 2299 sc.
371 2229 561 2321 πορθήσειν.

225 2336 364 2416 Ζεῦγμα
393 2334 530 2418 figuram
553 2356 618 2397 non
643 2335 825 2398 invenimus
856 2336 920 2398 nisi
947 2335 1007 2409 IV,
1037 2342 1092 2403 80:
1128 2339 1280 2417 σωτῆρας

142 2427 227 2497 ἀλλὰ
247 2431 293 2520 μὴ
315 2432 484 2513 λυμεῶνας
506 2424 766 2498 ἀποκαλεῖσθαι.
779 2435 799 2510 ¹)

224 2533 311 2598 Ecce
334 2554 416 2619 quae
437 2532 478 2596 de
489 2531 664 2608 verborum
686 2531 800 2616 figuris
813 2530 848 2594 id
861 2553 963 2616 genus
977 2534 1124 2618 proferre
1139 2537 1277 2620 poteris;

144 2631 184 2696 de
202 2633 345 2718 reliquis,
367 2631 402 2695 id
423 2631 509 2719 quod
519 2633 590 2718 jam
609 2631 874 2716 significavimus,
901 2653 938 2695 eo
957 2633 1074 2718 capite,
1096 2655 1159 2719 quo
1173 2635 1277 2698 omnis

142 2731 283 2797 rhetoris
309 2732 556 2817 compositio
579 2733 899 2818 excutietur,'aptius
922 2731 983 2795 erit
1005 2733 1180 2818 agendum:
1214 2756 1277 2820 quo

141 2832 227 2896 facto
251 2831 380 2896 demum
400 2831 471 2894 fieri
493 2853 599 2916 posse,
619 2840 654 2895 ut
676 2839 707 2895 et
724 2831 879 2917 Dionysii
896 2842 927 2895 et
949 2840 1140 2914 ceterorum,
1162 2833 1275 2919 qu1de

143 2931 319 2996 elocutione
333 2932 458 2996 Isocrat
445 2941 499 2994 tea
514 2940 716 3005 censuerunt,
741 2931 863 3018 judicia
878 2941 1028 2996 accurate
1045 2931 1287 3048 disceptentun.

144 3032 321 3121 praeterire
341 3034 502 3096 neminem
524 3053 566 3116 po
568 3040 640 3095 t.est
661 3067 703 3078 -

225 3228 359 3291 Interim
379 3241 485 3293 autem
502 3231 705 3316 relinquitur,
730 3240 765 3294 ut
783 3231 870 3317 quod
885 3240 986 3295 totam
1005 3230 1090 3294 hanc
1113 3231 1277 3317 quaestio-

143 3349 215 3390 nem
240 3325 282 3390 ad
306 3349 399 3390 suum
419 3327 516 3394 finem
540 3331 611 3415 jam
638 3352 703 3394 non
730 3330 869 3416 perduxi
891 3331 1075 3414 argumenti
1096 3329 1276 3393 ubertatem

142 3428 361 3512 temporisque
373 3430 540 3510 angustias
551 3451 701 3492 excusem
719 3440 750 3492 et
763 3428 825 3492 hac
841 3429 1002 3514 particula
1018 3428 1123 3493 bonae
1136 3438 1276 3510 vestrae,

142 3525 206 3589 viri
221 3523 407 3600 doctissimi,
435 3526 654 3612 indulgentiae
677 3528 901 3592 commendata
924 3527 1049 3613 reliqua
1072 3531 1178 3614 primo
1200 3550 1276 3612 quo-

143 3647 205 3709 que
226 3626 291 3689 otio
313 3623 389 3689 dato
412 3625 633 3690 absoluturum
657 3650 728 3692 esse
748 3650 799 3691 me
823 3626 985 3714 pollicear.
1007 3665 1048 3674 -

211 3890 235 3952 l)
255 3891 289 3942 cf.
308 3891 474 3944 Rauchenst.
491 3897 520 3944 et
540 3889 668 3944 Schneid.
686 3908 710 3943 a.
729 3892 756 3943 h.
774 3892 793 3944 l.

605 4161 812 4170 ...ο-.-
