2946 4830
174 444 375 535 συγγενὴς
395 437 501 514 οὖσα,
514 486 555 498 -
565 451 592 533 I,
610 457 629 516 2
647 445 770 533 πρέπει
780 447 853 524 τοὺς
865 446 985 523 παῖδας
999 441 1105 532 ὥσπερ
1117 447 1175 533 τὴς
1185 437 1229 512 ου’
1233 437 1315 523 σίας

175 546 257 614 οὕτω
271 547 327 616 καὶ
340 553 397 634 τῆς
409 543 523 636 φιλίας
535 552 594 634 τῆς
607 551 769 633 πατρικῆς
788 547 1069 633 κληρονομεῖν.
1085 585 1123 596 -
1138 549 1179 628 ΙΙ,
1195 554 1235 616 36
1250 544 1312 623 τάς

175 643 338 726 εἰκόνας
358 651 415 736 τῆς
436 642 550 736 ἀρετῆς
568 648 699 729 μᾶλλον
720 641 744 734 ἡ
764 651 821 712 τοῦ
842 642 995 728 σώματος
1015 648 1217 712 καταλιπεῖν.
1238 684 1282 695 -

256 752 328 817 Iam
350 774 421 816 cum
442 752 476 814 in
500 773 537 815 eo
560 755 609 829 sit,
630 760 666 815 ut
678 752 821 837 potiores
845 748 961 836 quibus
982 772 1059 813 usus
1078 749 1120 813 sit
1132 748 1306 831 Isocrates,

174 851 469 917 translationes
494 872 795 932 commemoremus,
823 872 895 914 eum
918 850 1080 936 sequimur
1101 847 1260 931 ordinem,
1275 857 1308 912 ut

174 953 279 1038 primo
301 950 372 1016 loco
394 947 569 1014 afferantur
591 949 749 1037 exempla,
771 948 828 1014 ubi
852 950 1027 1013 animata
1043 971 1103 1034 pro
1120 948 1305 1012 animatis

174 1053 281 1138 posita
303 1059 391 1115 sunt:
416 1050 519 1137 Cujus
541 1047 670 1136 generis
694 1049 794 1114 haece
814 1050 956 1113 maxime
977 1047 1070 1113 nobis
1092 1049 1126 1111 in
1153 1056 1306 1134 promptu

173 1162 248 1217 sunt
267 1151 310 1234 Π,
333 1156 371 1217 20
391 1141 475 1233 ἡγοῦ
496 1151 611 1232 θῦμα
631 1151 728 1213 τοῦτο
743 1143 923 1212 κάλλιστον
945 1136 1103 1210 εἶναικαὶ
1125 1140 1307 1229 θεραπείαν

171 1243 340 1335 μεγίστην,
372 1241 413 1311 tto
434 1245 478 1325 ὡς
504 1245 675 1332 βέλτιστον
696 1245 752 1312 καί
775 1242 988 1312 δικαιότατον
1010 1242 1125 1312 σαυτὸν
1145 1242 1304 1333 παρέχῃς·

170 1349 298 1431 μᾶλλον
318 1345 377 1431 γὰρ
397 1345 490 1424 ἐλπίς
510 1347 587 1424 τοὺς
606 1343 775 1424 τοιοάτοος
801 1340 821 1435 ἡ
840 1347 917 1425 τοὺς
939 1341 1042 1433 ἱερεῖα
1068 1343 1179 1411 πολλὰ
1205 1368 1307 1411 κατα-

171 1444 357 1532 βάλλοντας
391 1446 523 1530 πράξειν
555 1473 587 1512 τι
616 1445 709 1534 παρὰ
734 1451 798 1512 τῶν
825 1452 915 1514 θεοῖν
943 1441 1084 1533 ἀγαθάν,
1121 1447 1217 1530 VIII,
1249 1454 1306 1514 107

172 1544 219 1626 είς
239 1545 278 1613 θ’
301 1543 387 1632 ἡμᾶς
410 1542 447 1613 οδ
474 1548 611 1625 πολλοῖς
637 1543 744 1615 ἐτεσιν
762 1545 901 1636 ὕστερον
920 1544 1025 1614 πάλιν
1052 1541 1306 1612 ἐπιπολάσαι

171 1651 209 1715 cf.
229 1651 270 1733 V,
292 1658 331 1718 64
359 1643 409 1726 τίς
430 1641 472 1714 δν
499 1644 742 1735 προσεδόκησεν
769 1647 830 1726 τάς
857 1646 916 1732 μὲν
945 1642 1225 1732 άτιμωθὴσεσθαι
1246 1644 1307 1722 τάς

172 1741 202 1813 δ’
238 1744 509 1815 ἐπιπολάσειν
538 1754 603 1815 τῶν
627 1746 838 1838 Ἕλληνιδοίν
866 1745 1006 1830 πόλεων,
1048 1749 1129 1832 XII,
1167 1756 1207 1816 90
1245 1745 1307 1822 τάς

171 1844 286 1926 πόλεις
304 1846 360 1926 τὰς
381 1844 631 1937 γεννησάσας
645 1848 700 1915 καὶ
719 1845 934 1940 θρεψάσας
947 1846 1121 1926 τοιούτους
1138 1841 1263 1932 ἄνδρας
1274 1851 1306 1931 ¹),

171 1947 243 2032 περὶ
263 1936 311 2014 ὦν
332 1974 360 2018 κ,
379 1973 405 2016 τ.
425 1949 468 2029 λ,
497 1951 570 2035 VH,
593 1958 632 2018 43
654 1948 710 2027 τὰς
731 1948 838 2035 ψυχὰς
860 1950 1143 2034 δαμασθὴναι,
1168 1948 1244 2027 XII,
1269 1955 1305 2016 18

170 2055 254 2129 τρεῖς
276 2041 299 2132 ἡ
319 2044 465 2133 τέτταρες
482 2053 547 2113 τοῖν
568 2043 758 2134 άγελαίων
780 2053 957 2136 σοφιστῶν,
995 2051 1088 2134 XIII,
1112 2056 1149 2116 16
1175 2041 1208 2112 oi
1229 2040 1307 2131 δίρτι

170 2152 235 2212 τοῖν
253 2153 419 2235 σοφιστῶν
441 2141 722 2234 άναφυόμενοι.
738 2188 779 2198 -
797 2150 977 2237 Saepisime
999 2149 1115 2215 deinde
1136 2150 1307 2213 inanima

171 2272 231 2335 pro
250 2251 434 2315 Inanimis
455 2250 614 2336 leguntur,
636 2251 735 2315 veluti
754 2251 780 2333 I,
803 2256 821 2316 6
842 2246 862 2332 ἡ
884 2248 975 2334 ῥώμη
997 2242 1084 2327 (άνεο
1106 2241 1307 2333 φρονήσεως)

171 2349 244 2424 ταῖς
263 2352 318 2437 τῆς
338 2352 444 2437 ψυχῆς
466 2345 663 2431 ἐπιμελείαις
684 2345 951 2437 ἐπεσκότησεν,
973 2357 1012 2418 29
1035 2345 1137 2424 καλὸς
1158 2351 1307 2430 θησαυ-

171 2446 235 2528 ρὸς
257 2441 335 2533 παρ’
359 2442 455 2535 άνδρί
476 2453 640 2536 σπουδαίῳ
661 2446 754 2533 χάρις
775 2441 977 2537 ὀφειλομένη,
999 2459 1039 2520 46
1055 2443 1089 2514 ui
1112 2448 1213 2513 λῦπαι
1234 2449 1307 2523 ταῖς

168 2544 300 2633 ἡδοναῖς
313 2545 588 2636 παραπεπὴγασιν,
610 2559 649 2620 50
664 2555 799 2638 τῆςτῶν
824 2554 915 2616 θεῶν
937 2545 1208 2629 στοχάσασθαι
1232 2546 1305 2612 δια-

171 2643 270 2726 νοίας,
292 2652 553 2738 frequentissima
569 2652 649 2717 haec
666 2652 855 2739 metaphora
869 2675 934 2717 non
947 2653 1052 2715 minus
1068 2673 1165 2738 quam
1178 2657 1304 2714 contra-

170 2751 220 2814 ria
236 2745 542 2833 διαμαρτάνειν,
560 2752 633 2835 II,2
646 2749 720 2836 περὶ
731 2754 788 2815 τοῦ
799 2749 875 2835 βίου
892 2743 1162 2834 ἀγωνίζεσθαι,
1178 2743 1305 2814 3δπο-

170 2843 294 2935 θὴκας
313 2847 357 2926 είς
377 2849 436 2935 χρὴ
462 2849 513 2937 ζὴν
533 2853 610 2931 (τοῖν
621 2854 762 2936 ποιητῶν
775 2861 867 2928 τινες)
882 2850 1198 2927 καταλελοίπασιν,6
1219 2841 1306 2912 ταά-

168 2971 225 3034 της
244 2953 301 3031 τῆς
322 2944 539 3033 άνιομαλίας
562 2944 670 3015 αἴτιόν
692 2948 775 3015 ἐστιν
784 2954 817 3031 ²),
839 2954 878 3017 cf.
899 2951 973 3033 VII,
996 2958 1035 3016 44
1058 2942 1244 3028 ἀνωμάλως
1263 2944 1301 3009 ac*

169 3045 245 3132 περὶ
261 3047 321 3113 τὸν
334 3045 408 3134 βίον
422 3045 559 3132 ἔχοντας,
574 3052 631 3134 ΠΙ,
647 3055 686 3118 33
707 3046 881 3135 τραχέως
903 3048 990 3134 ἔχειν,
1014 3052 1053 3115 cf.
1069 3049 1155 3131 VIII,
1169 3057 1207 3115 75
1222 3041 1304 3129 ὑπὲρ

169 3151 223 3236 τὴς
244 3152 307 3213 τῶν
327 3145 431 3234 λόγων
452 3144 698 3234 τραχύτητος,
725 3148 771 3220 58
789 3146 941 3234 μέγιστον
962 3145 1089 3239 ἡγεῖσθε
1113 3149 1183 3224 τοῖς
1208 3149 1304 3211 παῖσι

166 3248 336 3314 πλοῦτον
346 3246 562 3334 παραδοίσειν,
580 3243 623 3335 ἡν
641 3245 749 3327 αὐτοῖς
764 3245 908 3336 δύνησθε
924 3248 981 3335 τὴν
995 3245 1155 3336 ἡμετέραν
1169 3239 1306 3313 εάνοιαν

169 3345 388 3434 καταλείπειν,
409 3352 466 3435 IV,
491 3359 527 3420 13
550 3345 595 3427 ιδς
623 3349 658 3429 ἐξ
683 3344 872 3434 δπογοίοο
899 3344 1016 3427 αὐτοῖς
1041 3347 1166 3435 γέγονεν
1192 3337 1213 3435 ἡ
1234 3372 1304 3411 πα-

168 3450 350 3538 ρασκεοὴθ),
372 3453 427 3530 IV,
442 3459 481 3522 28
505 3446 615 3535 ἡδίοο
622 3475 639 3529 ς
660 3446 804 3533 ἐλπίδας,
827 3458 866 3520 93
883 3444 1046 3534 οάδεμιᾶς
1066 3443 1177 3525 αὐτοῖς
1197 3471 1304 3536 σωτη-

170 3545 241 3631 ρίας
260 3545 574 3637 ὑποφαινομένης
597 3553 635 3617 cf.
651 3553 706 3635 VI,
730 3560 777 3619 44.
799 3551 888 3631 XVI,
911 3556 972 3632 θλ)
994 3554 1034 3630 V,
1047 3559 1083 3618 71
1100 3547 1191 3632 τιμαί
1214 3542 1304 3614 άνε-

189 3739 376 3746 —.-.-.-—

237 3850 262 3916 1)
280 3849 399 3922 Egregia
424 3851 492 3904 haec
514 3858 555 3904 est
576 3851 736 3922 metaphora
763 3869 779 3903 a
801 3851 933 3905 matribus
955 3851 1056 3904 liberos
1082 3850 1252 3921 parientibus
1273 3857 1303 3905 et

168 3933 352 3988 nutrientibus
369 3935 464 4006 petita.

234 4021 261 4086 2)
279 4019 322 4072 De
338 4019 389 4073 viis
407 4037 438 4073 ae
456 4019 523 4073 locis
542 4019 643 4073 usitata
659 4020 728 4073 haee
743 4037 797 4072 vox
815 4021 850 4072 ad
867 4037 955 4072 mores
973 4019 1098 4072 refertur.

234 4105 260 4172 3)
278 4105 339 4157 vide
357 4105 460 4174 Haupt,
478 4125 505 4176 p.
523 4108 547 4158 6.

234 4190 260 4256 4)
279 4206 334 4260 quo
360 4190 443 4242 verbo
472 4191 505 4242 de
532 4189 593 4242 luce
620 4189 725 4242 oriente
749 4188 888 4259 frequenti
913 4205 945 4240 ee
972 4188 1138 4258 praeclarius
1163 4188 1215 4241 hec
1237 4188 1300 4242 loco

164 4273 281 4344 scriptor
303 4273 403 4336 utitur,
425 4292 479 4345 quo
500 4274 608 4344 saepius
631 4278 695 4343 φιῦς
719 4272 883 4325 vocabulum
911 4274 983 4342 apud
1008 4273 1139 4337 Graecos,
1162 4273 1247 4327 veluti
1271 4275 1300 4327 in

165 4358 254 4413 Iliade
272 4357 431 4424 sexcenties,
448 4359 519 4412 idem
538 4367 579 4412 est
596 4376 628 4413 ac
646 4359 782 4430 σωτηρία.
