2946 4830
693 311 732 372 37

608 396 812 411 -ν--ῲ--Ἳ

149 472 293 537 rioribus
318 471 405 537 haud
432 496 507 539 raro
535 475 695 540 vocabula
722 481 928 562 opponuntur
954 473 1113 548 tenuiora,
1144 481 1178 535 ut
1199 470 1277 553 XII,

151 580 208 640 157
238 565 285 648 εἰς
304 564 391 636 τοῦτ)
415 561 527 657 ἦλθον
550 567 615 639 cdx
642 567 784 651 ἀνοίας
810 566 899 638 ἀλλὰ
920 565 1088 653 μανίας,
1119 577 1179 640 264
1203 563 1276 633 οὐκ

148 670 421 758 ἐθορύβησαν,
440 665 512 737 ἀλλ’
533 668 759 760 ἀνεβόησαν
773 672 829 741 καὶ
843 667 1051 758 περιστάντες
1065 664 1165 737 αάτὸν
1181 667 1276 755 ε’πή-

148 793 258 849 νονν,
293 767 477 860 ἐζήλουν,
509 769 778 860 ἕμανιοίριζον.
819 777 857 842 cl.
886 775 976 859 VIII,
1003 779 1042 844 80
1071 764 1147 851 cdx
1177 769 1275 836 οίτω

146 869 239 948 τούς
260 864 413 949 αἰτίους
427 877 493 937 τῶν
505 868 750 962 ἁμαρτημάτων
764 869 813 951 ὡς
829 873 924 951 τοὺς
943 874 1277 959 κατηγοροῦντας

147 964 252 1036 αὐτῶν
274 997 317 1039 sc.
341 966 486 1038 είοίθατε
506 976 621 1057 μισεῖν.
639 1015 680 1024 -
702 977 903 1057 Quinetiam
924 975 996 1063 plus
1020 974 1106 1040 valet
1126 972 1207 1038 illud
1229 975 1276 1037 in·

149 1082 353 1157 crementum,
381 1098 444 1162 quo
466 1076 655 1163 perplures
682 1075 895 1142 ascendamus
922 1074 1060 1161 gradus;
1086 1097 1186 1162 eoque
1215 1072 1275 1137 ele-

147 1180 263 1258 ganter
285 1196 361 1238 usus
382 1183 430 1240 est
450 1175 476 1239 I.
497 1175 552 1241 illo
574 1176 655 1260 loco,
676 1175 733 1242 ubi
754 1175 987 1263 discipulorum
1006 1174 1047 1240 de
1062 1177 1206 1240 oratione
1220 1172 1276 1238 illa

147 1272 190 1336 ad
219 1272 407 1360 Philippum
434 1275 590 1340 mittenda
626 1277 800 1342 sententias
826 1284 966 1343 mutatas
999 1274 1179 1360 descripsit.
1227 1271 1277 1337 Ac

140 1372 295 1458 ¹leguntur
316 1373 446 1459 quidem
456 1375 497 1451 V,
513 1380 569 1445 23:
594 1367 814 1462 ᾐσχύνοντο
832 1371 893 1457 μὲν
908 1366 959 1462 ἐφ’
978 1363 1028 1449 οἷς
1042 1366 1278 1455 ἐθρασύναντο,

145 1467 343 1553 μετέμελε
364 1467 390 1537 d'
395 1465 507 1550 αίτοῖς
520 1467 673 1540 ἁπάντων
693 1478 762 1539 τοῖν
775 1468 961 1562 εἰρημένων,
981 1466 1216 1555 ὡμολόγουν
1237 1466 1278 1535 δέ

144 1569 284 1656 μηδενὸς
304 1567 438 1637 πώποτε
459 1576 617 1639 τοσοῦτον
636 1570 827 1659 πράγματος
849 1575 1050 1660 διαμαρτεῖν,
1081 1566 1277 1637 ἔσπευδον

148 1668 181 1736 δὲ
199 1671 336 1755 μᾶλλων
358 1668 421 1756 ε’γώ
447 1677 640 1761 πεμφθῆναί
667 1697 718 1740 σοι
739 1672 794 1742 τὸν
818 1670 917 1758 λόγον
930 1676 1054 1757 colcos,
1076 1666 1217 1754 ἔλεγον
1237 1664 1278 1734 δὲ
1331 1717 1334 1722 -

145 1767 195 1849 ὡς
215 1768 456 1852 ἐλπίζουσιν
478 1767 516 1838 od
540 1770 646 1856 μόνον
664 1797 701 1840 σε
721 1775 776 1840 ναί
804 1772 863 1862 τὴν
879 1768 980 1837 πόλιν
1002 1768 1082 1851 ἕξειν
1103 1794 1165 1854 μοι
1182 1768 1277 1853 χάριν

145 1866 226 1958 ὑπὲρ
254 1875 317 1936 τῶν
347 1866 521 1960 εἰρημένων
550 1871 633 1940 ἀλλά
669 1873 724 1940 καὶ
743 1870 993 1961 τοίςἛλληνας
1016 1867 1166 1947 ἅπαντας.
1208 1872 1277 1936 Nec

145 1975 252 2037 minus
274 1975 405 2060 egregie
426 1975 517 2059 VIII,
548 1983 596 2046 84.
626 1983 664 2046 85
694 1978 877 2063 exagitatur
898 1977 1059 2065 majorum
1080 1973 1185 2060 primo
1205 1971 1276 2037 loco

145 2096 252 2137 rerum
283 2096 413 2138 suarum
442 2076 588 2162 ipsorum
618 2076 817 2163 negligentia
842 2077 917 2158 (τῶν
942 2069 1003 2156 μέν
1033 2065 1164 2137 οἰκείων
1191 2063 1277 2152 ἀμέ-

146 2169 244 2256 λεια),
276 2172 453 2239 alienarum
484 2175 590 2241 studia
620 2178 696 2254 (τῶν
725 2171 753 2239 d'
783 2167 970 2260 ἀλλοτρίων
992 2169 1196 2254 ἐπιθυμίαι),
1223 2173 1277 2260 qui

144 2271 413 2339 Lacedaemoniis
434 2273 578 2340 Atticam
600 2275 723 2342 adortis
755 2285 867 2342 contra
888 2275 1015 2342 Siculos
1037 2273 1174 2340 classem
1193 2295 1276 2338 com·

144 2373 348 2459 paraverint,
383 2373 500 2439 deinde
532 2376 750 2462 imprudentia
778 2368 1001 2463 (ἀφρόνησις),
1039 2397 1111 2440 cum
1147 2396 1277 2438 suarum

146 2480 220 2537 ante
248 2473 363 2539 urbem
385 2475 625 2560 possessionum
648 2475 896 2541 obtinendarum
919 2477 1122 2562 impotentes,
1148 2473 1274 2548 Italiae,

145 2572 292 2655 Siciliae,
329 2572 538 2659 Carthaginis
577 2577 707 2662 imperii
740 2584 927 2663 appetentes
962 2576 1098 2658 fuerint,
1137 2572 1275 2660 denique

146 2674 286 2737 amentia
307 2667 437 2757 (ἀνοια),
465 2697 528 2759 qua
556 2684 680 2740 tantum
708 2674 850 2763 reliquos
874 2676 1100 2762 superaverint
1124 2674 1278 2758 Graecos,

145 2781 180 2837 ut
201 2795 241 2837 ne
264 2797 388 2839 summa
410 2774 539 2861 quidem
560 2776 744 2841 calamitate
769 2776 856 2841 docti
880 2777 952 2842 sint.
996 2776 1147 2842 Ceterum
1172 2775 1212 2839 ef.
1236 2773 1278 2857 H,

145 2879 206 2950 45‚·
227 2874 286 2951 III,
311 2881 366 2958 423
387 2875 426 2955 V,
448 2880 498 2944 82.
522 2882 596 2958 1073
626 2875 699 2955 VII,
722 2883 777 2950 763
803 2874 864 2959 IX,
887 2881 941 2958 393
971 2874 1015 2957 X,
1040 2881 1090 2958 113
1124 2873 1199 2956 XII,
1223 2878 1277 2957 733

146 2971 220 3055 XV,
243 2980 292 3041 30.
318 2980 383 3039 147.
406 2978 476 3040 321.
496 3011 538 3024 -
558 2975 676 3040 Rarius
698 2998 720 3040 a
740 2976 858 3063 majori
880 2975 922 3039 ad
940 2975 1047 3040 minus
1062 2973 1278 3056 descenditur,

148 3072 249 3137 veluti
270 3073 360 3156 VIII,
383 3078 430 3141 93.
453 3073 527 3158 XV,
550 3080 598 3142 99.

220 3173 321 3238 Posse
331 3173 452 3237 ascribi
462 3173 711 3259 amplificationi
722 3176 956 3261 congeriem
970 3171 1278 3261 quoqueverborum

144 3294 183 3335 ac
212 3274 442 3337 sententiarum
468 3272 555 3337 idem
586 3275 838 3361 significantium
872 3296 1008 3361 eamque
1038 3272 1175 3338 similem
1207 3294 1278 3337 esse

143 3372 276 3457 figurae,
292 3395 389 3459 quam
408 3365 602 3454 ἀθροισμὸν
619 3383 748 3457 vocant,
763 3371 1001 3454 Quinctilianus
1014 3384 1102 3438 recte
1115 3374 1248 3438 monuit.
1257 3374 1278 3450 ¹)

144 3471 238 3552 Quae
261 3472 484 3558 amplificandi
505 3475 647 3538 rationes
670 3476 819 3562 quoniam
841 3472 1050 3537 difficillimae
1073 3472 1206 3538 suntad
1230 3495 1277 3537 se

143 3570 373 3650 cernendum2)
400 3572 471 3637 fieri
492 3596 557 3639 non
578 3577 696 3660 poterit
724 3575 800 3659 quin
822 3574 883 3638 hoc
904 3574 1013 3638 statim
1035 3573 1106 3639 loco
1134 3597 1198 3637 una
1219 3572 1278 3637 ab·

145 3671 312 3735 solvantur
335 3669 630 3757 comprehensione.
663 3672 776 3761 Atque·
788 3674 835 3738 eis
850 3672 979 3758 quidem
994 3673 1154 3737 Isocrates
1170 3694 1278 3737 aman-

142 3772 279 3836 tissimus
301 3793 408 3835 rerum
434 3773 565 3860 copiose
588 3772 876 3838 describendarum
900 3772 1097 3837 creberrime
1118 3795 1196 3836 usus
1218 3779 1277 3851 est,

142 3880 175 3934 ut
197 3871 253 3956 VI,
276 3878 315 3940 66
344 3863 484 3954 οὐδεμία
511 3867 579 3937 έστί
597 3875 665 3936 τῶν
685 3867 818 3937 πόλεων
840 3865 1000 3952 ἀπέρατος
1022 3864 1091 3937 old
1112 3866 1185 3954 ἥτις
1216 3863 1279 3953 orig

142 3965 280 4053 ὁμόρους
309 3966 375 4051 ἐλαι
406 3969 483 4049 τοὺς
512 3976 620 4049 κακῶς
649 3967 865 4058 ποιήσαντας,
897 3967 980 4037 ὥστε
1008 3974 1190 4056 τετμῆσθαι
1218 3966 1279 4050 μὲν

141 4067 202 4144 τὰς
221 4067 338 4155 χώρας,
358 4076 605 4160 πεπορθῆσθαι
627 4069 664 4137 δέ
684 4070 745 4149 τὰς
765 4067 895 4155 πόλεις,
919 4065 1122 4147 ἀναστάτους
1144 4066 1181 4135 δέ
1194 4092 1279 4156 γεγε·

143 4226 346 4233 ..-.--——--—-

209 4305 233 4372 1)
252 4304 330 4370 VIII,
348 4308 371 4369 4,
391 4308 432 4359 27.

208 4392 234 4457 2)
252 4408 278 4443 v.
293 4389 407 4446 Volkm.
423 4409 450 4462 p.
468 4393 527 4457 402,
544 4395 569 4445 3.
