2946 4830
716 298 751 360 13

244 460 296 524 Ac
323 461 480 525 rationem
508 460 637 543 quidem
669 459 857 544 disputandi
883 457 1127 543 ingrediendam
1156 458 1296 523 ostendit

164 560 340 642 F.Blass,
355 559 873 646 quiDionysioHalicarnassensi
884 557 1136 642 duceLysiacae
1145 557 1295 621 dictionis
1330 610 1333 617 .

165 657 409 722 adumbrandae
434 659 614 744 periculum
641 660 726 724 fecit.
741 661 762 739 ¹)
805 658 952 743 Namque
972 656 1169 742 Dionysium
1190 658 1297 721 virum

165 756 254 821 illum
274 758 421 821 criticum
442 759 627 846 ingeniique
651 760 798 834 acumine
813 780 877 822 non
896 756 1084 820 destitutum
1099 755 1138 819 de
1152 755 1297 821 Isocrate

164 881 229 923 non
251 857 354 922 solum
375 857 571 943 singularem
593 860 814 945 composuisse
835 855 996 938 libellum,
1025 855 1082 920 sed
1104 854 1176 920 aliis
1200 860 1296 920 etiam

167 957 302 1022 aliorum
339 957 532 1043 scriptorum
567 957 647 1023 locis
688 979 920 1046 saepenumero
952 956 1068 1020 fecisse
1103 957 1297 1020 mentionem

168 1057 362 1142 gaudemus;
391 1058 482 1143 cujus
504 1057 649 1142 generali
671 1059 711 1123 de
733 1057 820 1123 illius
842 1056 972 1122 dicendi
993 1078 1111 1140 genere
1133 1077 1172 1119 ac
1193 1055 1296 1141 digni·

169 1166 234 1220 tate
254 1156 414 1221 sententia
433 1155 537 1221 relata
560 1156 600 1221 de
624 1157 759 1243 singulis
780 1157 959 1222 videamus.
1059 1169 1061 1174 “

251 1255 447 1342 Dionysium
466 1266 588 1319 notum
619 1267 668 1320 est
694 1260 758 1321 tria
790 1257 987 1341 distinguere
1014 1256 1145 1320 dicendi
1169 1278 1298 1342 genera,

168 1355 310 1435 sublime,
333 1367 440 1432 tenue,
470 1357 612 1422 medium
633 1352 702 1434 (τὸν
725 1350 862 1440 ὑψηλὸν
884 1352 1020 1420 καὶτὸν
1042 1348 1149 1433 ἰσχνὸν
1169 1352 1299 1418 καὶτὸν

163 1453 282 1536 parole
313 1450 439 1519 τούτων
467 1458 686 1539 χαρακτῆρα);
725 1480 859 1545 quorum
893 1459 1034 1544 primum
1064 1454 1297 1541 Thucydidem,

165 1554 302 1621 alterum
315 1554 462 1643 Lysiam,
483 1557 614 1620 tertium
637 1557 804 1621 inventum
824 1556 905 1622 illud
925 1556 1150 1642 Theophrasto
1166 1565 1297 1619 auctore

168 1679 188 1719 a
202 1655 449 1746 Thrasymacho
466 1654 695 1737 Chalcedonio,
714 1656 965 1722 aDemosthene
986 1655 1173 1741 perfectum,
1196 1677 1213 1718 e
1228 1655 1297 1741 phi-

165 1755 308 1842 losophis
329 1755 500 1821 Platonem
521 1755 732 1838 Socraticum,
765 1779 806 1821 ex
837 1755 1019 1821 oratoribus
1041 1755 1218 1819 Isocratem
1240 1757 1297 1818 im-

166 1857 279 1942 primis
310 1856 490 1921 excoluisse
518 1877 557 1920 ae
587 1878 690 1944 paene
719 1855 898 1920 absolvisse
926 1854 979 1919 ille
1008 1857 1127 1946 statuit.
1138 1856 1161 1931 ²)
1205 1854 1297 1934 Quae

167 1977 287 2040 genera
308 1977 347 2020 ea
367 1957 451 2020 inter
474 1979 508 2020 se
531 1966 641 2020 censet
663 1957 820 2021 contineri
842 1957 967 2020 ratione
989 1965 1024 2019 ut
1047 1953 1215 2018 sublimea
1233 1977 1297 2018 ser-

166 2055 269 2119 monis
297 2055 453 2121 cotidiani
481 2079 543 2120 usu
570 2054 709 2120 alienum
738 2054 886 2120 omnibus
915 2054 1085 2139 eloquendi
1112 2053 1246 2118 floribus
1267 2065 1299 2116 et

166 2154 313 2219 artificiis
333 2155 477 2221 abundet
498 2155 663 2240 multaque
684 2154 804 2220 habeat
826 2154 999 2241 superflua,
1020 2163 1116 2219 tenue
1129 2152 1297 2238 vulgarem

168 2263 264 2340 atque
287 2276 487 2320 communem
515 2254 645 2319 dicendi
673 2255 936 2319 consuetudinem
964 2255 1093 2319 imitans
1118 2253 1159 2317 ab
1182 2262 1298 2318 ornatu

169 2356 309 2420 oratorio
342 2363 443 2420 totum
474 2355 636 2420 abstineat
668 2377 891 2441 summamque
925 2363 1058 2439 expetat
1094 2362 1126 2416 et
1157 2352 1297 2417 brevita-

169 2462 287 2518 temet
313 2457 587 2541 perspicuitatem,
612 2456 748 2518 mixtum
776 2454 914 2538 denique
935 2452 1107 2517 verborum
1136 2453 1297 2517 concinni·

171 2552 247 2617 tatis
269 2554 447 2620 studiosum
469 2577 573 2642 neque
594 2554 689 2641 hujus
712 2551 920 2639 simplicitate
940 2574 1000 2616 nec
1022 2550 1193 2637 splendore
1212 2550 1298 2615 illius

173 2650 268 2738 plane
301 2656 418 2719 careat.
467 2656 516 2719 Ae
547 2653 687 2718 mediam
720 2651 848 2738 quidem
880 2650 964 2715 hanc
996 2651 1167 2716 dictionem
1200 2649 1299 2714 habet

171 2755 491 2837 praestantissimam,
514 2756 634 2840 quippe
661 2739 756 2838 quae¹
772 2750 921 2838 plurimis
948 2750 1090 2836 gaudeat
1118 2749 1297 2815 intervallis

170 2872 356 2938 summaque
390 2863 421 2917 et
452 2854 623 2918 affectuum
657 2860 689 2916 et
721 2861 910 2916 accentuum
938 2852 1105 2915 varietate.
1115 2851 1139 2927 ³)
1191 2849 1298 2930 Quam

168 2952 336 3016 varietatis
351 2954 554 3039 potissimum
568 2950 697 3017 laudem
713 2974 785 3015 cum
802 2951 948 3032 Isocrati,
963 2972 1059 3036 quem
1074 2960 1182 3014 tamen
1196 2972 1298 3035 genus
1366 2971 1369 2975 ’

169 3053 307 3117 mixtum
328 3053 428 3118 ferme
449 3054 633 3140 perfecisse,
654 3061 690 3116 ut
711 3051 862 3134 vidimus,
890 3049 1047 3132 concedit,
1068 3058 1137 3114 tum
1160 3050 1300 3135 denegat

70 3196 72 3199 .
169 3152 239 3238 ejus
260 3152 439 3240 discipulis,
462 3155 517 3240 qui
548 3175 611 3218 uno
641 3151 817 3238 eodemque
847 3150 974 3238 periodi
1009 3148 1144 3231 circulo,
1177 3148 1298 3213 eisdem

170 3273 296 3338 semper
316 3252 440 3338 figuris,
468 3252 581 3318 eadem
601 3250 761 3317 vocalium
788 3251 1006 3337 implicatione
1028 3253 1123 3314 anres
1146 3270 1182 3312 eo
1204 3246 1298 3313 vehe-

168 3353 305 3415 mentius
328 3340 502 3435 offendant,
532 3354 722 3440 quominus
745 3351 778 3415 id
799 3373 901 3436 genus
923 3351 1004 3415 vitia
1026 3348 1144 3432 multis,
1171 3358 1206 3413 ut
1229 3350 1298 3434 ipse

170 3452 333 3536 magister,
361 3451 522 3517 occultent
542 3452 666 3537 gratiis.
709 3451 824 3536 Itaque
852 3450 928 3514 dum
949 3448 1179 3513 Demosthenis
1190 3449 1214 3524 4)
1243 3470 1298 3512 ex·

236 3770 261 3836 1)
278 3788 304 3840 p.
323 3772 464 3825 399-413.

236 3854 262 3920 2)
281 3855 314 3907 de
332 3845 427 3907 adinir.
446 3854 586 3909 Demosth.
604 3852 630 3905 vi
643 3852 696 3905 dic.
708 3852 779 3904 Tom
790 3851 837 3914 VI,
855 3869 882 3921 p.
895 3854 1019 3904 955-59.
1038 3850 1073 3902 cf.
1092 3852 1165 3903 1000.
1183 3849 1299 3921 Compo-

167 3937 295 3992 siticncm
317 3938 454 4009 triplicem
476 3938 548 3992 idem
566 3936 696 3991 discernit
714 3936 758 4003 (de
780 3952 868 4005 comp.
889 3937 964 3988 verb.
982 3934 1061 3986 Tom.
1080 3935 1114 3997 V,
1130 3953 1158 4004 p.
1177 3938 1234 4002 146)
1253 3954 1299 3988 au-

167 4031 268 4076 steram
287 4025 350 4092 (τὴν
370 4021 425 4087 μὲν
447 4014 601 4092 αὐστηρὰν)
624 4020 740 4092 politam
761 4038 809 4072 seu
831 4019 954 4072 floridam
973 4020 1035 4086 (τὴν
1058 4015 1089 4070 δὲ
1110 4012 1262 4088 γλαφυρὰν
1284 4010 1300 4086 ἢ

168 4100 309 4176 ἀνθηρὰν)
327 4125 498 4161 communem
515 4125 536 4160 s.
555 4106 672 4160 mediam
690 4105 754 4172 (τὴν
770 4101 803 4156 δὲ
820 4103 921 4172 τρίτην
935 4103 1036 4170 κοινὴν
1054 4093 1071 4170 ἢ
1088 4097 1180 4170 μέσην
1197 4099 1298 4155 odada·
1338 4113 1340 4117 ’

167 4193 225 4260 σιν)
243 4210 275 4245 ac
292 4192 396 4262 politae
414 4192 524 4263 quidem
541 4189 645 4244 addicit
664 4189 811 4242 Isocratem
830 4188 867 4256 (p.
887 4189 952 4251 173).

235 4278 260 4344 3)
278 4278 312 4331 de
332 4294 419 4346 comp.
437 4277 512 4330 verb.
529 4294 555 4346 p.
575 4277 632 4328 133.
650 4276 690 4326 34.

234 4361 260 4425 4)
280 4362 313 4413 de
332 4359 425 4412 admir.
443 4360 521 4414 Dem.
540 4359 567 4412 vi
584 4358 637 4412 dic.
655 4377 681 4430 p.
704 4358 843 4411 1021-23.
897 4396 899 4401 .
