<?xml version="1.0" encoding="UTF-8"?>
<!DOCTYPE html PUBLIC "-//W3C//DTD XHTML 1.0 Transitional//EN"
    "http://www.w3.org/TR/xhtml1/DTD/xhtml1-transitional.dtd">
<html xmlns="http://www.w3.org/1999/xhtml" xml:lang="en" lang="en">
 <head>
  <title>
</title>
<meta http-equiv="Content-Type" content="text/html;charset=utf-8" />
  <meta name='ocr-system' content='tesseract 3.04.00' />
  <meta name='ocr-capabilities' content='ocr_page ocr_carea ocr_par ocr_line ocrx_word'/>
</head>
<body>
  <div class='ocr_page' id='page_1' title='image "./deelocutioneiso00gehlgoog_0057.png"; bbox 0 0 2946 4830; ppageno 0'>
   <div class='ocr_carea' id='block_1_1' title="bbox 715 262 755 328">
    <p class='ocr_par' dir='ltr' id='par_1_1' title="bbox 715 262 755 328">
     <span class='ocr_line' id='line_1_1' title="bbox 715 262 755 328; baseline -0.025 0"><span class='ocrx_word' id='word_1_1' title='bbox 715 262 755 328; x_wconf 84' lang='lat'><strong>40</strong></span> 
     </span>
    </p>
   </div>
   <div class='ocr_carea' id='block_1_2' title="bbox 165 416 1408 4211">
    <p class='ocr_par' dir='ltr' id='par_1_2' title="bbox 170 416 1408 1216">
     <span class='ocr_line' id='line_1_2' title="bbox 171 416 1408 517; baseline -0.002 -23"><span class='ocrx_word' id='word_1_2' title='bbox 171 425 327 508; x_wconf 80' lang='lat' dir='ltr'><strong>artificia,</strong></span> <span class='ocrx_word' id='word_1_3' title='bbox 361 450 442 516; x_wconf 88' lang='lat' dir='ltr'><strong>quae</strong></span> <span class='ocrx_word' id='word_1_4' title='bbox 470 428 542 514; x_wconf 89' lang='lat' dir='ltr'><strong>ipse</strong></span> <span class='ocrx_word' id='word_1_5' title='bbox 575 430 685 497; x_wconf 80' lang='lat' dir='ltr'><strong>rhetor</strong></span> <span class='ocrx_word' id='word_1_6' title='bbox 719 453 789 495; x_wconf 89' lang='grc'><strong>6111</strong></span> <span class='ocrx_word' id='word_1_7' title='bbox 818 432 864 495; x_wconf 88' lang='lat' dir='ltr'><strong>ait</strong></span> <span class='ocrx_word' id='word_1_8' title='bbox 891 416 1045 517; x_wconf 87' lang='lat' dir='ltr'><strong>juvenilia</strong></span> <span class='ocrx_word' id='word_1_9' title='bbox 1076 449 1115 492; x_wconf 90' lang='lat' dir='ltr'><strong>ac</strong></span> <span class='ocrx_word' id='word_1_10' title='bbox 1145 421 1310 492; x_wconf 79' lang='lat' dir='ltr'><strong>dedecere</strong></span> <span class='ocrx_word' id='word_1_11' title='bbox 1395 427 1408 501; x_wconf 75' lang='grc'><strong>’,</strong></span> 
     </span>
     <span class='ocr_line' id='line_1_3' title="bbox 170 526 1306 616; baseline -0.001 -24"><span class='ocrx_word' id='word_1_12' title='bbox 170 529 333 593; x_wconf 91' lang='lat' dir='ltr'><strong>hominem</strong></span> <span class='ocrx_word' id='word_1_13' title='bbox 362 550 478 594; x_wconf 90' lang='lat' dir='ltr'><strong>canum</strong></span> <span class='ocrx_word' id='word_1_14' title='bbox 491 530 528 608; x_wconf 89' lang='lat'><strong>¹),</strong></span> <span class='ocrx_word' id='word_1_15' title='bbox 570 533 722 616; x_wconf 90' lang='lat' dir='ltr'><strong>quoniam</strong></span> <span class='ocrx_word' id='word_1_16' title='bbox 756 552 830 596; x_wconf 94' lang='lat' dir='ltr'><strong>cum</strong></span> <span class='ocrx_word' id='word_1_17' title='bbox 859 529 1014 595; x_wconf 91' lang='lat' dir='ltr'><strong>Isocratis</strong></span> <span class='ocrx_word' id='word_1_18' title='bbox 1048 535 1117 593; x_wconf 89' lang='lat' dir='ltr'><strong>tota</strong></span> <span class='ocrx_word' id='word_1_19' title='bbox 1149 526 1306 613; x_wconf 76' lang='lat' dir='ltr'><strong>periodo·</strong></span> 
     </span>
     <span class='ocr_line' id='line_1_4' title="bbox 171 628 1309 710; baseline -0.003 -17"><span class='ocrx_word' id='word_1_20' title='bbox 171 653 244 694; x_wconf 91' lang='lat' dir='ltr'><strong>rum</strong></span> <span class='ocrx_word' id='word_1_21' title='bbox 280 628 583 694; x_wconf 87' lang='lat' dir='ltr'><strong>conformandarum</strong></span> <span class='ocrx_word' id='word_1_22' title='bbox 613 632 739 697; x_wconf 91' lang='lat' dir='ltr'><strong>ratione</strong></span> <span class='ocrx_word' id='word_1_23' title='bbox 772 653 811 696; x_wconf 89' lang='grc'><strong>11</strong></span> <span class='ocrx_word' id='word_1_24' title='bbox 845 629 952 696; x_wconf 90' lang='lat' dir='ltr'><strong>studio</strong></span> <span class='ocrx_word' id='word_1_25' title='bbox 991 638 1080 694; x_wconf 89' lang='grc'><strong>11116</strong></span> <span class='ocrx_word' id='word_1_26' title='bbox 1118 628 1309 710; x_wconf 82' lang='lat' dir='ltr'><strong>cohaerent,</strong></span> 
     </span>
     <span class='ocr_line' id='line_1_5' title="bbox 171 729 1308 817; baseline -0.002 -24"><span class='ocrx_word' id='word_1_27' title='bbox 171 730 265 793; x_wconf 88' lang='grc'><strong>161111</strong></span> <span class='ocrx_word' id='word_1_28' title='bbox 289 729 417 793; x_wconf 88' lang='lat' dir='ltr'><strong>demum</strong></span> <span class='ocrx_word' id='word_1_29' title='bbox 439 730 556 814; x_wconf 88' lang='lat' dir='ltr'><strong>capite,</strong></span> <span class='ocrx_word' id='word_1_30' title='bbox 578 752 640 816; x_wconf 91' lang='lat' dir='ltr'><strong>quo</strong></span> <span class='ocrx_word' id='word_1_31' title='bbox 664 730 704 795; x_wconf 89' lang='lat' dir='ltr'><strong>de</strong></span> <span class='ocrx_word' id='word_1_32' title='bbox 726 730 958 817; x_wconf 83' lang='lat' dir='ltr'><strong>compositione</strong></span> <span class='ocrx_word' id='word_1_33' title='bbox 979 729 1146 794; x_wconf 88' lang='lat' dir='ltr'><strong>Isocratea</strong></span> <span class='ocrx_word' id='word_1_34' title='bbox 1168 748 1308 816; x_wconf 86' lang='lat' dir='ltr'><strong>quaere·</strong></span> 
     </span>
     <span class='ocr_line' id='line_1_6' title="bbox 171 827 1309 916; baseline 0.001 -24"><span class='ocrx_word' id='word_1_35' title='bbox 171 838 232 912; x_wconf 89' lang='lat' dir='ltr'><strong>tur,</strong></span> <span class='ocrx_word' id='word_1_36' title='bbox 254 850 492 916; x_wconf 86' lang='lat' dir='ltr'><strong>persequemur.</strong></span> <span class='ocrx_word' id='word_1_37' title='bbox 536 828 628 909; x_wconf 79' lang='lat' dir='ltr'><strong>Quae</strong></span> <span class='ocrx_word' id='word_1_38' title='bbox 649 830 779 914; x_wconf 91' lang='lat' dir='ltr'><strong>quidem</strong></span> <span class='ocrx_word' id='word_1_39' title='bbox 799 831 901 896; x_wconf 88' lang='lat' dir='ltr'><strong>omnis</strong></span> <span class='ocrx_word' id='word_1_40' title='bbox 927 851 1004 915; x_wconf 89' lang='lat' dir='ltr'><strong>pars</strong></span> <span class='ocrx_word' id='word_1_41' title='bbox 1034 850 1108 894; x_wconf 87' lang='lat' dir='ltr'><strong>cum</strong></span> <span class='ocrx_word' id='word_1_42' title='bbox 1127 827 1309 895; x_wconf 86' lang='lat' dir='ltr'><strong>verborum</strong></span> 
     </span>
     <span class='ocr_line' id='line_1_7' title="bbox 171 927 1308 1017; baseline -0.001 -25"><span class='ocrx_word' id='word_1_43' title='bbox 171 928 286 1014; x_wconf 90' lang='lat' dir='ltr'><strong>figuris</strong></span> <span class='ocrx_word' id='word_1_44' title='bbox 314 931 420 1015; x_wconf 89' lang='lat' dir='ltr'><strong>aptius</strong></span> <span class='ocrx_word' id='word_1_45' title='bbox 442 927 593 994; x_wconf 83' lang='lat' dir='ltr'><strong>videatur</strong></span> <span class='ocrx_word' id='word_1_46' title='bbox 621 929 766 1017; x_wconf 88' lang='lat' dir='ltr'><strong>adjungi,</strong></span> <span class='ocrx_word' id='word_1_47' title='bbox 793 940 938 996; x_wconf 86' lang='lat' dir='ltr'><strong>veterum</strong></span> <span class='ocrx_word' id='word_1_48' title='bbox 969 927 1114 995; x_wconf 89' lang='lat' dir='ltr'><strong>ordinem</strong></span> <span class='ocrx_word' id='word_1_49' title='bbox 1140 928 1308 992; x_wconf 87' lang='lat' dir='ltr'><strong>tenuimus</strong></span> 
     </span>
     <span class='ocr_line' id='line_1_8' title="bbox 171 1027 1308 1116; baseline -0.001 -24"><span class='ocrx_word' id='word_1_50' title='bbox 171 1051 210 1092; x_wconf 90' lang='lat' dir='ltr'><strong>ac</strong></span> <span class='ocrx_word' id='word_1_51' title='bbox 232 1031 340 1115; x_wconf 90' lang='lat' dir='ltr'><strong>priore</strong></span> <span class='ocrx_word' id='word_1_52' title='bbox 362 1028 432 1093; x_wconf 92' lang='lat' dir='ltr'><strong>loco</strong></span> <span class='ocrx_word' id='word_1_53' title='bbox 451 1029 530 1116; x_wconf 92' lang='lat' dir='ltr'><strong>quid</strong></span> <span class='ocrx_word' id='word_1_54' title='bbox 551 1027 591 1094; x_wconf 90' lang='lat' dir='ltr'><strong>de</strong></span> <span class='ocrx_word' id='word_1_55' title='bbox 610 1031 917 1096; x_wconf 90' lang='lat' dir='ltr'><strong>sententiarum</strong></span> <span class='ocrx_word' id='word_1_56' title='bbox 937 1029 1087 1116; x_wconf 88' lang='lat' dir='ltr'><strong>figuris</strong></span> <span class='ocrx_word' id='word_1_57' title='bbox 1109 1049 1308 1093; x_wconf 90' lang='lat' dir='ltr'><strong>commemo·</strong></span> 
     </span>
     <span class='ocr_line' id='line_1_9' title="bbox 170 1127 657 1216; baseline 0.006 -25"><span class='ocrx_word' id='word_1_58' title='bbox 170 1127 307 1216; x_wconf 88' lang='lat' dir='ltr'><strong>randum</strong></span> <span class='ocrx_word' id='word_1_59' title='bbox 330 1130 372 1193; x_wconf 92' lang='lat' dir='ltr'><strong>sit</strong></span> <span class='ocrx_word' id='word_1_60' title='bbox 392 1127 657 1195; x_wconf 79' lang='lat' dir='ltr'><strong>demonstremus.</strong></span> 
     </span>
    </p>

    <p class='ocr_par' dir='ltr' id='par_1_3' title="bbox 165 1227 1392 4211">
     <span class='ocr_line' id='line_1_10' title="bbox 252 1227 1309 1318; baseline -0.006 -24"><span class='ocrx_word' id='word_1_61' title='bbox 252 1229 412 1294; x_wconf 89' lang='lat' dir='ltr'><strong>Perrarae</strong></span> <span class='ocrx_word' id='word_1_62' title='bbox 434 1230 543 1314; x_wconf 88' lang='lat' dir='ltr'><strong>igitur,</strong></span> <span class='ocrx_word' id='word_1_63' title='bbox 572 1228 714 1317; x_wconf 68' lang='lat' dir='ltr'><strong>id&#39;quod</strong></span> <span class='ocrx_word' id='word_1_64' title='bbox 730 1232 800 1318; x_wconf 87' lang='lat' dir='ltr'><strong>jam</strong></span> <span class='ocrx_word' id='word_1_65' title='bbox 822 1228 973 1313; x_wconf 85' lang='lat' dir='ltr'><strong>diximus,</strong></span> <span class='ocrx_word' id='word_1_66' title='bbox 996 1230 1125 1295; x_wconf 90' lang='lat' dir='ltr'><strong>omnino</strong></span> <span class='ocrx_word' id='word_1_67' title='bbox 1146 1227 1208 1291; x_wconf 91' lang='lat' dir='ltr'><strong>hae</strong></span> <span class='ocrx_word' id='word_1_68' title='bbox 1228 1233 1309 1290; x_wconf 84' lang='lat' dir='ltr'><strong>sunt</strong></span> 
     </span>
     <span class='ocr_line' id='line_1_11' title="bbox 171 1326 1307 1417; baseline -0.003 -24"><span class='ocrx_word' id='word_1_69' title='bbox 171 1339 202 1393; x_wconf 88' lang='lat' dir='ltr'><strong>et</strong></span> <span class='ocrx_word' id='word_1_70' title='bbox 238 1330 271 1392; x_wconf 93' lang='lat' dir='ltr'><strong>in</strong></span> <span class='ocrx_word' id='word_1_71' title='bbox 307 1327 383 1393; x_wconf 91' lang='lat' dir='ltr'><strong>solis</strong></span> <span class='ocrx_word' id='word_1_72' title='bbox 413 1328 480 1392; x_wconf 92' lang='grc'><strong>1616</strong></span> <span class='ocrx_word' id='word_1_73' title='bbox 516 1329 821 1415; x_wconf 83' lang='lat' dir='ltr'><strong>interrogationibus</strong></span> <span class='ocrx_word' id='word_1_74' title='bbox 861 1352 941 1417; x_wconf 88' lang='lat' dir='ltr'><strong>quas</strong></span> <span class='ocrx_word' id='word_1_75' title='bbox 975 1337 1094 1395; x_wconf 87' lang='lat' dir='ltr'><strong>vocant</strong></span> <span class='ocrx_word' id='word_1_76' title='bbox 1130 1326 1307 1391; x_wconf 85' lang='lat' dir='ltr'><strong>rhetoricis</strong></span> 
     </span>
     <span class='ocr_line' id='line_1_12' title="bbox 171 1425 1307 1516; baseline -0.003 -24"><span class='ocrx_word' id='word_1_77' title='bbox 171 1431 388 1510; x_wconf 84' lang='lat' dir='ltr'><strong>eontinentur3</strong></span> <span class='ocrx_word' id='word_1_78' title='bbox 416 1429 451 1491; x_wconf 90' lang='lat' dir='ltr'><strong>in</strong></span> <span class='ocrx_word' id='word_1_79' title='bbox 477 1427 593 1512; x_wconf 90' lang='lat' dir='ltr'><strong>quibus</strong></span> <span class='ocrx_word' id='word_1_80' title='bbox 625 1429 824 1495; x_wconf 84' lang='lat' dir='ltr'><strong>cumulandis</strong></span> <span class='ocrx_word' id='word_1_81' title='bbox 855 1431 1045 1516; x_wconf 90' lang='lat' dir='ltr'><strong>scriptorem</strong></span> <span class='ocrx_word' id='word_1_82' title='bbox 1078 1450 1148 1494; x_wconf 89' lang='lat' dir='ltr'><strong>esse</strong></span> <span class='ocrx_word' id='word_1_83' title='bbox 1176 1435 1208 1490; x_wconf 89' lang='lat' dir='ltr'><strong>et</strong></span> <span class='ocrx_word' id='word_1_84' title='bbox 1239 1425 1307 1489; x_wconf 89' lang='lat' dir='ltr'><strong>fre·</strong></span> 
     </span>
     <span class='ocr_line' id='line_1_13' title="bbox 170 1523 1307 1614; baseline -0.003 -23"><span class='ocrx_word' id='word_1_85' title='bbox 170 1529 416 1614; x_wconf 89' lang='lat' dir='ltr'><strong>quentissimum</strong></span> <span class='ocrx_word' id='word_1_86' title='bbox 437 1536 468 1592; x_wconf 91' lang='lat' dir='ltr'><strong>et</strong></span> <span class='ocrx_word' id='word_1_87' title='bbox 489 1527 710 1594; x_wconf 89' lang='lat' dir='ltr'><strong>vehementem</strong></span> <span class='ocrx_word' id='word_1_88' title='bbox 728 1552 767 1595; x_wconf 94' lang='lat' dir='ltr'><strong>ac</strong></span> <span class='ocrx_word' id='word_1_89' title='bbox 786 1530 901 1594; x_wconf 91' lang='lat' dir='ltr'><strong>fortem</strong></span> <span class='ocrx_word' id='word_1_90' title='bbox 922 1532 969 1594; x_wconf 92' lang='lat' dir='ltr'><strong>ita</strong></span> <span class='ocrx_word' id='word_1_91' title='bbox 984 1537 1019 1593; x_wconf 93' lang='lat' dir='ltr'><strong>ut</strong></span> <span class='ocrx_word' id='word_1_92' title='bbox 1036 1550 1099 1610; x_wconf 90' lang='lat' dir='ltr'><strong>res,</strong></span> <span class='ocrx_word' id='word_1_93' title='bbox 1122 1526 1161 1591; x_wconf 89' lang='lat' dir='ltr'><strong>de</strong></span> <span class='ocrx_word' id='word_1_94' title='bbox 1184 1523 1307 1613; x_wconf 91' lang='lat' dir='ltr'><strong>quibus</strong></span> 
     </span>
     <span class='ocr_line' id='line_1_14' title="bbox 170 1626 1306 1715; baseline -0.001 -24"><span class='ocrx_word' id='word_1_95' title='bbox 170 1629 287 1713; x_wconf 88' lang='lat' dir='ltr'><strong>agitur,</strong></span> <span class='ocrx_word' id='word_1_96' title='bbox 318 1626 511 1714; x_wconf 86' lang='lat' dir='ltr'><strong>amplificari</strong></span> <span class='ocrx_word' id='word_1_97' title='bbox 535 1628 658 1693; x_wconf 83' lang='lat' dir='ltr'><strong>soleant</strong></span> <span class='ocrx_word' id='word_1_98' title='bbox 681 1652 720 1694; x_wconf 89' lang='lat' dir='ltr'><strong>ao</strong></span> <span class='ocrx_word' id='word_1_99' title='bbox 740 1629 895 1715; x_wconf 87' lang='lat' dir='ltr'><strong>distingui</strong></span> <span class='ocrx_word' id='word_1_100' title='bbox 915 1651 1036 1715; x_wconf 89' lang='lat' dir='ltr'><strong>negare</strong></span> <span class='ocrx_word' id='word_1_101' title='bbox 1057 1649 1151 1692; x_wconf 92' lang='lat' dir='ltr'><strong>nemo</strong></span> <span class='ocrx_word' id='word_1_102' title='bbox 1173 1626 1306 1712; x_wconf 91' lang='lat' dir='ltr'><strong>poterit.</strong></span> 
     </span>
     <span class='ocr_line' id='line_1_15' title="bbox 168 1723 1392 1814; baseline 0 -24"><span class='ocrx_word' id='word_1_103' title='bbox 168 1726 282 1814; x_wconf 90' lang='lat' dir='ltr'><strong>Itaque</strong></span> <span class='ocrx_word' id='word_1_104' title='bbox 302 1726 360 1810; x_wconf 95' lang='lat' dir='ltr'><strong>IV,</strong></span> <span class='ocrx_word' id='word_1_105' title='bbox 382 1732 421 1793; x_wconf 81' lang='lat'><strong>99</strong></span> <span class='ocrx_word' id='word_1_106' title='bbox 444 1737 478 1792; x_wconf 92' lang='lat' dir='ltr'><strong>ut</strong></span> <span class='ocrx_word' id='word_1_107' title='bbox 500 1727 542 1792; x_wconf 91' lang='lat' dir='ltr'><strong>ad</strong></span> <span class='ocrx_word' id='word_1_108' title='bbox 563 1727 777 1794; x_wconf 87' lang='lat' dir='ltr'><strong>Athenienses</strong></span> <span class='ocrx_word' id='word_1_109' title='bbox 800 1728 877 1794; x_wconf 91' lang='lat' dir='ltr'><strong>belli</strong></span> <span class='ocrx_word' id='word_1_110' title='bbox 899 1751 972 1794; x_wconf 91' lang='lat' dir='ltr'><strong>cum</strong></span> <span class='ocrx_word' id='word_1_111' title='bbox 994 1727 1143 1793; x_wconf 89' lang='lat' dir='ltr'><strong>barbaris</strong></span> <span class='ocrx_word' id='word_1_112' title='bbox 1166 1723 1308 1811; x_wconf 89' lang='lat' dir='ltr'><strong>gerendi</strong></span> <span class='ocrx_word' id='word_1_113' title='bbox 1390 1744 1392 1750; x_wconf 86' lang='lat'>·</span> 
     </span>
     <span class='ocr_line' id='line_1_16' title="bbox 172 1827 1308 1915; baseline -0.004 -24"><span class='ocrx_word' id='word_1_114' title='bbox 172 1828 343 1913; x_wconf 89' lang='lat' dir='ltr'><strong>imperium</strong></span> <span class='ocrx_word' id='word_1_115' title='bbox 365 1850 435 1892; x_wconf 88' lang='lat' dir='ltr'><strong>esse</strong></span> <span class='ocrx_word' id='word_1_116' title='bbox 459 1827 666 1894; x_wconf 89' lang='lat' dir='ltr'><strong>deferendum</strong></span> <span class='ocrx_word' id='word_1_117' title='bbox 685 1829 930 1911; x_wconf 87' lang='lat' dir='ltr'><strong>demonstretur,</strong></span> <span class='ocrx_word' id='word_1_118' title='bbox 951 1837 1163 1915; x_wconf 90' lang='lat' dir='ltr'><strong>posteaquam</strong></span> <span class='ocrx_word' id='word_1_119' title='bbox 1190 1845 1308 1889; x_wconf 91' lang='lat' dir='ltr'><strong>eorum</strong></span> 
     </span>
     <span class='ocr_line' id='line_1_17' title="bbox 170 1923 1305 2016; baseline -0.004 -25"><span class='ocrx_word' id='word_1_120' title='bbox 170 1949 249 2013; x_wconf 89' lang='lat' dir='ltr'><strong>erga</strong></span> <span class='ocrx_word' id='word_1_121' title='bbox 277 1950 386 1993; x_wconf 91' lang='lat' dir='ltr'><strong>omnes</strong></span> <span class='ocrx_word' id='word_1_122' title='bbox 415 1926 560 1993; x_wconf 81' lang='lat' dir='ltr'><strong>Graecos</strong></span> <span class='ocrx_word' id='word_1_123' title='bbox 590 1931 792 1994; x_wconf 83' lang='lat' dir='ltr'><strong>enumeravit</strong></span> <span class='ocrx_word' id='word_1_124' title='bbox 817 1931 947 2011; x_wconf 89' lang='lat' dir='ltr'><strong>merita,</strong></span> <span class='ocrx_word' id='word_1_125' title='bbox 975 1927 1054 2016; x_wconf 92' lang='lat' dir='ltr'><strong>quid</strong></span> <span class='ocrx_word' id='word_1_126' title='bbox 1082 1925 1146 1991; x_wconf 93' lang='lat' dir='ltr'><strong>sibi</strong></span> <span class='ocrx_word' id='word_1_127' title='bbox 1174 1923 1255 1989; x_wconf 92' lang='lat' dir='ltr'><strong>velit</strong></span> <span class='ocrx_word' id='word_1_128' title='bbox 1275 1923 1305 1988; x_wconf 94' lang='grc' dir='ltr'><strong>Ι.</strong></span> 
     </span>
     <span class='ocr_line' id='line_1_18' title="bbox 170 2027 1306 2115; baseline -0.004 -24"><span class='ocrx_word' id='word_1_129' title='bbox 170 2027 291 2113; x_wconf 87' lang='lat' dir='ltr'><strong>colligit</strong></span> <span class='ocrx_word' id='word_1_130' title='bbox 318 2037 350 2092; x_wconf 91' lang='lat' dir='ltr'><strong>et</strong></span> <span class='ocrx_word' id='word_1_131' title='bbox 376 2027 419 2092; x_wconf 92' lang='lat' dir='ltr'><strong>ad</strong></span> <span class='ocrx_word' id='word_1_132' title='bbox 452 2051 520 2092; x_wconf 92' lang='lat' dir='ltr'><strong>rem</strong></span> <span class='ocrx_word' id='word_1_133' title='bbox 550 2027 793 2115; x_wconf 76' lang='lat' dir='ltr'><strong>dijudicandam</strong></span> <span class='ocrx_word' id='word_1_134' title='bbox 827 2028 990 2095; x_wconf 88' lang='lat' dir='ltr'><strong>auditores</strong></span> <span class='ocrx_word' id='word_1_135' title='bbox 1027 2027 1116 2091; x_wconf 87' lang='lat' dir='ltr'><strong>hisce</strong></span> <span class='ocrx_word' id='word_1_136' title='bbox 1148 2032 1306 2112; x_wconf 89' lang='lat' dir='ltr'><strong>quattuor</strong></span> 
     </span>
     <span class='ocr_line' id='line_1_19' title="bbox 168 2123 1304 2215; baseline -0.003 -24"><span class='ocrx_word' id='word_1_137' title='bbox 168 2128 477 2213; x_wconf 87' lang='lat' dir='ltr'><strong>interrogationibus</strong></span> <span class='ocrx_word' id='word_1_138' title='bbox 500 2131 593 2213; x_wconf 89' lang='lat' dir='ltr'><strong>quasi</strong></span> <span class='ocrx_word' id='word_1_139' title='bbox 615 2131 747 2215; x_wconf 88' lang='lat' dir='ltr'><strong>premit:</strong></span> <span class='ocrx_word' id='word_1_140' title='bbox 778 2129 878 2215; x_wconf 86' lang='lat' dir='ltr'><strong>Atqui</strong></span> <span class='ocrx_word' id='word_1_141' title='bbox 907 2129 1092 2192; x_wconf 89' lang='lat' dir='ltr'><strong>imminente</strong></span> <span class='ocrx_word' id='word_1_142' title='bbox 1123 2148 1196 2190; x_wconf 88' lang='lat' dir='ltr'><strong>cum</strong></span> <span class='ocrx_word' id='word_1_143' title='bbox 1224 2123 1304 2188; x_wconf 89' lang='lat' dir='ltr'><strong>bar-</strong></span> 
     </span>
     <span class='ocr_line' id='line_1_20' title="bbox 170 2224 1307 2315; baseline -0.003 -24"><span class='ocrx_word' id='word_1_144' title='bbox 170 2225 260 2291; x_wconf 91' lang='lat' dir='ltr'><strong>baris</strong></span> <span class='ocrx_word' id='word_1_145' title='bbox 280 2226 364 2292; x_wconf 90' lang='lat' dir='ltr'><strong>bello</strong></span> <span class='ocrx_word' id='word_1_146' title='bbox 387 2250 544 2314; x_wconf 89' lang='lat' dir='ltr'><strong>quosnam</strong></span> <span class='ocrx_word' id='word_1_147' title='bbox 566 2238 691 2314; x_wconf 85' lang='lat' dir='ltr'><strong>oportet</strong></span> <span class='ocrx_word' id='word_1_148' title='bbox 712 2229 928 2315; x_wconf 85' lang='lat' dir='ltr'><strong>principatum</strong></span> <span class='ocrx_word' id='word_1_149' title='bbox 948 2226 1080 2291; x_wconf 80' lang='lat' dir='ltr'><strong>tenere?</strong></span> <span class='ocrx_word' id='word_1_150' title='bbox 1111 2225 1226 2290; x_wconf 88' lang='lat' dir='ltr'><strong>Nonne</strong></span> <span class='ocrx_word' id='word_1_151' title='bbox 1247 2224 1307 2310; x_wconf 92' lang='lat' dir='ltr'><strong>qui</strong></span> 
     </span>
     <span class='ocr_line' id='line_1_21' title="bbox 172 2319 1305 2414; baseline -0.002 -24"><span class='ocrx_word' id='word_1_152' title='bbox 172 2328 310 2412; x_wconf 90' lang='lat' dir='ltr'><strong>pristino</strong></span> <span class='ocrx_word' id='word_1_153' title='bbox 340 2326 425 2392; x_wconf 91' lang='lat' dir='ltr'><strong>bello</strong></span> <span class='ocrx_word' id='word_1_154' title='bbox 458 2329 601 2392; x_wconf 87' lang='lat' dir='ltr'><strong>maxima</strong></span> <span class='ocrx_word' id='word_1_155' title='bbox 630 2327 727 2392; x_wconf 91' lang='lat' dir='ltr'><strong>laude</strong></span> <span class='ocrx_word' id='word_1_156' title='bbox 747 2319 930 2414; x_wconf 62' lang='lat' dir='ltr'><strong>&#39;reportata</strong></span> <span class='ocrx_word' id='word_1_157' title='bbox 972 2348 1132 2414; x_wconf 91' lang='lat' dir='ltr'><strong>persaepe</strong></span> <span class='ocrx_word' id='word_1_158' title='bbox 1166 2323 1305 2411; x_wconf 91' lang='lat' dir='ltr'><strong>proprio</strong></span> 
     </span>
     <span class='ocr_line' id='line_1_22' title="bbox 168 2425 1307 2514; baseline -0.002 -25"><span class='ocrx_word' id='word_1_159' title='bbox 168 2425 274 2491; x_wconf 89' lang='lat' dir='ltr'><strong>Marte</strong></span> <span class='ocrx_word' id='word_1_160' title='bbox 293 2426 466 2513; x_wconf 88' lang='lat' dir='ltr'><strong>periclitati</strong></span> <span class='ocrx_word' id='word_1_161' title='bbox 487 2429 523 2492; x_wconf 93' lang='lat' dir='ltr'><strong>in</strong></span> <span class='ocrx_word' id='word_1_162' title='bbox 558 2426 779 2493; x_wconf 91' lang='lat' dir='ltr'><strong>communibus</strong></span> <span class='ocrx_word' id='word_1_163' title='bbox 814 2429 933 2514; x_wconf 89' lang='lat' dir='ltr'><strong>pugnis</strong></span> <span class='ocrx_word' id='word_1_164' title='bbox 967 2426 1078 2513; x_wconf 93' lang='lat' dir='ltr'><strong>palma</strong></span> <span class='ocrx_word' id='word_1_165' title='bbox 1109 2425 1201 2511; x_wconf 91' lang='lat' dir='ltr'><strong>digni</strong></span> <span class='ocrx_word' id='word_1_166' title='bbox 1229 2431 1307 2489; x_wconf 89' lang='lat' dir='ltr'><strong>sunt</strong></span> 
     </span>
     <span class='ocr_line' id='line_1_23' title="bbox 165 2525 1307 2614; baseline -0.004 -23"><span class='ocrx_word' id='word_1_167' title='bbox 165 2525 328 2613; x_wconf 79' lang='lat' dir='ltr'><strong>judicati?</strong></span> <span class='ocrx_word' id='word_1_168' title='bbox 370 2527 483 2592; x_wconf 90' lang='lat' dir='ltr'><strong>Nonne</strong></span> <span class='ocrx_word' id='word_1_169' title='bbox 506 2529 561 2614; x_wconf 93' lang='lat' dir='ltr'><strong>qui</strong></span> <span class='ocrx_word' id='word_1_170' title='bbox 585 2527 628 2592; x_wconf 90' lang='lat' dir='ltr'><strong>ad</strong></span> <span class='ocrx_word' id='word_1_171' title='bbox 650 2527 794 2614; x_wconf 90' lang='lat' dir='ltr'><strong>reliquos</strong></span> <span class='ocrx_word' id='word_1_172' title='bbox 813 2527 949 2592; x_wconf 91' lang='lat' dir='ltr'><strong>tuendos</strong></span> <span class='ocrx_word' id='word_1_173' title='bbox 971 2549 1030 2591; x_wconf 91' lang='lat' dir='ltr'><strong>sua</strong></span> <span class='ocrx_word' id='word_1_174' title='bbox 1050 2525 1250 2612; x_wconf 88' lang='lat' dir='ltr'><strong>reliquerunt</strong></span> <span class='ocrx_word' id='word_1_175' title='bbox 1272 2534 1307 2588; x_wconf 91' lang='lat' dir='ltr'><strong>et</strong></span> 
     </span>
     <span class='ocr_line' id='line_1_24' title="bbox 169 2622 1302 2715; baseline -0.003 -26"><span class='ocrx_word' id='word_1_176' title='bbox 169 2625 383 2712; x_wconf 90' lang='lat' dir='ltr'><strong>plurimarum</strong></span> <span class='ocrx_word' id='word_1_177' title='bbox 411 2626 539 2692; x_wconf 87' lang='lat' dir='ltr'><strong>mbium</strong></span> <span class='ocrx_word' id='word_1_178' title='bbox 572 2629 747 2715; x_wconf 88' lang='lat' dir='ltr'><strong>antiquitus</strong></span> <span class='ocrx_word' id='word_1_179' title='bbox 776 2626 881 2691; x_wconf 93' lang='lat' dir='ltr'><strong>coloni</strong></span> <span class='ocrx_word' id='word_1_180' title='bbox 905 2627 1057 2691; x_wconf 89' lang='lat' dir='ltr'><strong>maximis</strong></span> <span class='ocrx_word' id='word_1_181' title='bbox 1087 2625 1192 2689; x_wconf 93' lang='lat' dir='ltr'><strong>denno</strong></span> <span class='ocrx_word' id='word_1_182' title='bbox 1215 2622 1302 2687; x_wconf 87' lang='lat' dir='ltr'><strong>diffi-</strong></span> 
     </span>
     <span class='ocr_line' id='line_1_25' title="bbox 172 2724 1304 2814; baseline -0.002 -24"><span class='ocrx_word' id='word_1_183' title='bbox 172 2725 344 2791; x_wconf 86' lang='lat' dir='ltr'><strong>cultatibus</strong></span> <span class='ocrx_word' id='word_1_184' title='bbox 368 2749 422 2791; x_wconf 89' lang='lat' dir='ltr'><strong>eas</strong></span> <span class='ocrx_word' id='word_1_185' title='bbox 446 2726 656 2813; x_wconf 87' lang='lat' dir='ltr'><strong>eripuerunt?</strong></span> <span class='ocrx_word' id='word_1_186' title='bbox 697 2727 857 2814; x_wconf 86' lang='lat' dir='ltr'><strong>Denique,</strong></span> <span class='ocrx_word' id='word_1_187' title='bbox 879 2735 914 2791; x_wconf 94' lang='lat' dir='ltr'><strong>ut</strong></span> <span class='ocrx_word' id='word_1_188' title='bbox 934 2729 983 2791; x_wconf 88' lang='lat' dir='ltr'><strong>rei</strong></span> <span class='ocrx_word' id='word_1_189' title='bbox 1013 2748 1111 2813; x_wconf 93' lang='lat' dir='ltr'><strong>quam</strong></span> <span class='ocrx_word' id='word_1_190' title='bbox 1137 2724 1304 2789; x_wconf 90' lang='lat' dir='ltr'><strong>maximus</strong></span> 
     </span>
     <span class='ocr_line' id='line_1_26' title="bbox 169 2825 1304 2910; baseline -0.003 -20"><span class='ocrx_word' id='word_1_191' title='bbox 169 2825 304 2890; x_wconf 87' lang='lat' dir='ltr'><strong>accedat</strong></span> <span class='ocrx_word' id='word_1_192' title='bbox 323 2826 479 2902; x_wconf 89' lang='lat' dir='ltr'><strong>cumulus,</strong></span> <span class='ocrx_word' id='word_1_193' title='bbox 502 2826 647 2891; x_wconf 86' lang='lat' dir='ltr'><strong>additur:</strong></span> <span class='ocrx_word' id='word_1_194' title='bbox 671 2826 839 2907; x_wconf 79' lang='lat' dir='ltr'><strong>Quomodo</strong></span> <span class='ocrx_word' id='word_1_195' title='bbox 854 2849 931 2891; x_wconf 87' lang='lat' dir='ltr'><strong>vero</strong></span> <span class='ocrx_word' id='word_1_196' title='bbox 945 2849 1011 2890; x_wconf 91' lang='lat' dir='ltr'><strong>non</strong></span> <span class='ocrx_word' id='word_1_197' title='bbox 1024 2825 1159 2910; x_wconf 90' lang='lat' dir='ltr'><strong>indigna</strong></span> <span class='ocrx_word' id='word_1_198' title='bbox 1175 2832 1304 2910; x_wconf 89' lang='lat' dir='ltr'><strong>patere·</strong></span> 
     </span>
     <span class='ocr_line' id='line_1_27' title="bbox 169 2924 1303 3014; baseline -0.002 -25"><span class='ocrx_word' id='word_1_199' title='bbox 169 2948 256 3008; x_wconf 87' lang='lat' dir='ltr'><strong>mur,</strong></span> <span class='ocrx_word' id='word_1_200' title='bbox 289 2927 317 2989; x_wconf 91' lang='lat' dir='ltr'><strong>si</strong></span> <span class='ocrx_word' id='word_1_201' title='bbox 347 2926 505 2991; x_wconf 89' lang='lat' dir='ltr'><strong>malorum</strong></span> <span class='ocrx_word' id='word_1_202' title='bbox 535 2929 678 2992; x_wconf 86' lang='lat' dir='ltr'><strong>maxime</strong></span> <span class='ocrx_word' id='word_1_203' title='bbox 712 2928 890 3014; x_wconf 90' lang='lat' dir='ltr'><strong>participes</strong></span> <span class='ocrx_word' id='word_1_204' title='bbox 922 2925 1099 2990; x_wconf 91' lang='lat' dir='ltr'><strong>honoribus</strong></span> <span class='ocrx_word' id='word_1_205' title='bbox 1131 2924 1303 2989; x_wconf 81' lang='lat' dir='ltr'><strong>inferiores</strong></span> 
     </span>
     <span class='ocr_line' id='line_1_28' title="bbox 170 3016 1302 3112; baseline -0.003 -23"><span class='ocrx_word' id='word_1_206' title='bbox 170 3026 427 3090; x_wconf 86' lang='lat' dir='ltr'><strong>existimaremur</strong></span> <span class='ocrx_word' id='word_1_207' title='bbox 457 3035 488 3090; x_wconf 93' lang='lat' dir='ltr'><strong>et</strong></span> <span class='ocrx_word' id='word_1_208' title='bbox 518 3026 595 3092; x_wconf 93' lang='lat' dir='ltr'><strong>olim</strong></span> <span class='ocrx_word' id='word_1_209' title='bbox 627 3026 776 3093; x_wconf 89' lang='lat' dir='ltr'><strong>omnibus</strong></span> <span class='ocrx_word' id='word_1_210' title='bbox 812 3026 968 3112; x_wconf 88' lang='lat' dir='ltr'><strong>praefecti</strong></span> <span class='ocrx_word' id='word_1_211' title='bbox 994 3047 1080 3089; x_wconf 91' lang='lat' dir='ltr'><strong>nunc</strong></span> <span class='ocrx_word' id='word_1_212' title='bbox 1106 3023 1221 3088; x_wconf 88' lang='lat' dir='ltr'><strong>ceteris</strong></span> <span class='ocrx_word' id='word_1_213' title='bbox 1246 3016 1302 3086; x_wconf 81' lang='grc' dir='ltr'><strong>Ι16-</strong></span> 
     </span>
     <span class='ocr_line' id='line_1_29' title="bbox 169 3122 1302 3214; baseline 0 -28"><span class='ocrx_word' id='word_1_214' title='bbox 169 3122 245 3187; x_wconf 90' lang='lat' dir='ltr'><strong>dere</strong></span> <span class='ocrx_word' id='word_1_215' title='bbox 268 3146 410 3190; x_wconf 88' lang='lat' dir='ltr'><strong>essemus</strong></span> <span class='ocrx_word' id='word_1_216' title='bbox 433 3126 562 3190; x_wconf 82' lang='lat' dir='ltr'><strong>ooaoti?</strong></span> <span class='ocrx_word' id='word_1_217' title='bbox 594 3165 631 3175; x_wconf 83' lang='lat'><em>-</em></span> <span class='ocrx_word' id='word_1_218' title='bbox 656 3125 812 3214; x_wconf 84' lang='lat' dir='ltr'><strong>Ejusdem</strong></span> <span class='ocrx_word' id='word_1_219' title='bbox 835 3125 990 3192; x_wconf 88' lang='lat' dir='ltr'><strong>orationis</strong></span> <span class='ocrx_word' id='word_1_220' title='bbox 1011 3128 1040 3207; x_wconf 66' lang='grc' dir='ltr'><strong>ξ.</strong></span> <span class='ocrx_word' id='word_1_221' title='bbox 1067 3129 1134 3191; x_wconf 79' lang='lat'>121.</span> <span class='ocrx_word' id='word_1_222' title='bbox 1157 3123 1302 3209; x_wconf 91' lang='lat' dir='ltr'><strong>quinque</strong></span> 
     </span>
     <span class='ocr_line' id='line_1_30' title="bbox 168 3221 1301 3311; baseline -0.001 -24"><span class='ocrx_word' id='word_1_223' title='bbox 168 3221 321 3310; x_wconf 87' lang='lat' dir='ltr'><strong>deinceps</strong></span> <span class='ocrx_word' id='word_1_224' title='bbox 342 3224 384 3288; x_wconf 89' lang='lat' dir='ltr'><strong>ad</strong></span> <span class='ocrx_word' id='word_1_225' title='bbox 404 3225 600 3290; x_wconf 87' lang='lat' dir='ltr'><strong>efferendam</strong></span> <span class='ocrx_word' id='word_1_226' title='bbox 621 3225 793 3290; x_wconf 85' lang='lat' dir='ltr'><strong>Persarum</strong></span> <span class='ocrx_word' id='word_1_227' title='bbox 820 3227 907 3311; x_wconf 91' lang='lat' dir='ltr'><strong>regis</strong></span> <span class='ocrx_word' id='word_1_228' title='bbox 936 3225 1170 3298; x_wconf 87' lang='lat' dir='ltr'><strong>auctoritatem,</strong></span> <span class='ocrx_word' id='word_1_229' title='bbox 1196 3221 1301 3287; x_wconf 83' lang='lat' dir='ltr'><strong>Grae-</strong></span> 
     </span>
     <span class='ocr_line' id='line_1_31' title="bbox 167 3324 1304 3412; baseline 0.001 -27"><span class='ocrx_word' id='word_1_230' title='bbox 167 3345 278 3389; x_wconf 89' lang='lat' dir='ltr'><strong>corum</strong></span> <span class='ocrx_word' id='word_1_231' title='bbox 298 3324 516 3390; x_wconf 88' lang='lat' dir='ltr'><strong>calamitatem</strong></span> <span class='ocrx_word' id='word_1_232' title='bbox 533 3328 800 3412; x_wconf 90' lang='lat' dir='ltr'><strong>interrogationes</strong></span> <span class='ocrx_word' id='word_1_233' title='bbox 815 3325 975 3410; x_wconf 89' lang='lat' dir='ltr'><strong>leguntur,</strong></span> <span class='ocrx_word' id='word_1_234' title='bbox 1000 3330 1067 3392; x_wconf 79' lang='lat'>183.</span> <span class='ocrx_word' id='word_1_235' title='bbox 1090 3327 1137 3389; x_wconf 85' lang='grc'><strong>84.</strong></span> <span class='ocrx_word' id='word_1_236' title='bbox 1159 3344 1243 3404; x_wconf 89' lang='lat' dir='ltr'><strong>sex,</strong></span> <span class='ocrx_word' id='word_1_237' title='bbox 1266 3330 1304 3387; x_wconf 91' lang='lat' dir='ltr'><strong>ut</strong></span> 
     </span>
     <span class='ocr_line' id='line_1_32' title="bbox 168 3423 1301 3509; baseline 0 -22"><span class='ocrx_word' id='word_1_238' title='bbox 168 3423 385 3488; x_wconf 88' lang='lat' dir='ltr'><strong>accendantur</strong></span> <span class='ocrx_word' id='word_1_239' title='bbox 408 3427 550 3490; x_wconf 89' lang='lat' dir='ltr'><strong>omnium</strong></span> <span class='ocrx_word' id='word_1_240' title='bbox 572 3426 731 3490; x_wconf 89' lang='lat' dir='ltr'><strong>adversus</strong></span> <span class='ocrx_word' id='word_1_241' title='bbox 753 3424 913 3491; x_wconf 89' lang='lat' dir='ltr'><strong>barbaros</strong></span> <span class='ocrx_word' id='word_1_242' title='bbox 941 3423 1128 3506; x_wconf 89' lang='lat' dir='ltr'><strong>malitiosos,</strong></span> <span class='ocrx_word' id='word_1_243' title='bbox 1150 3424 1301 3509; x_wconf 90' lang='lat' dir='ltr'><strong>ignavos,</strong></span> 
     </span>
     <span class='ocr_line' id='line_1_33' title="bbox 166 3521 1303 3609; baseline 0.002 -24"><span class='ocrx_word' id='word_1_244' title='bbox 166 3522 332 3609; x_wconf 89' lang='lat' dir='ltr'><strong>improbos</strong></span> <span class='ocrx_word' id='word_1_245' title='bbox 362 3524 465 3591; x_wconf 89' lang='lat' dir='ltr'><strong>odia.</strong></span> <span class='ocrx_word' id='word_1_246' title='bbox 501 3527 540 3591; x_wconf 88' lang='lat' dir='ltr'><strong>cf.</strong></span> <span class='ocrx_word' id='word_1_247' title='bbox 561 3525 620 3608; x_wconf 96' lang='lat' dir='ltr'><strong>IV,</strong></span> <span class='ocrx_word' id='word_1_248' title='bbox 648 3533 715 3592; x_wconf 87' lang='grc'><strong>155.</strong></span> <span class='ocrx_word' id='word_1_249' title='bbox 745 3526 787 3608; x_wconf 91' lang='lat' dir='ltr'><strong>V,</strong></span> <span class='ocrx_word' id='word_1_250' title='bbox 809 3530 858 3591; x_wconf 83' lang='lat'><strong>20.</strong></span> <span class='ocrx_word' id='word_1_251' title='bbox 880 3532 929 3591; x_wconf 83' lang='lat'><strong>21.</strong></span> <span class='ocrx_word' id='word_1_252' title='bbox 956 3523 1029 3607; x_wconf 89' lang='lat' dir='ltr'><strong>VH,</strong></span> <span class='ocrx_word' id='word_1_253' title='bbox 1052 3529 1183 3591; x_wconf 80' lang='grc'><strong>64-66.</strong></span> <span class='ocrx_word' id='word_1_254' title='bbox 1212 3521 1303 3605; x_wconf 90' lang='lat' dir='ltr'><strong>VIII,</strong></span> 
     </span>
     <span class='ocr_line' id='line_1_34' title="bbox 170 3623 1301 3708; baseline 0 -21"><span class='ocrx_word' id='word_1_255' title='bbox 170 3629 235 3687; x_wconf 85' lang='lat'><strong>107.</strong></span> <span class='ocrx_word' id='word_1_256' title='bbox 255 3628 321 3688; x_wconf 86' lang='grc'><strong>109.</strong></span> <span class='ocrx_word' id='word_1_257' title='bbox 345 3623 421 3707; x_wconf 88' lang='grc' dir='ltr'><strong>ΧΠ,</strong></span> <span class='ocrx_word' id='word_1_258' title='bbox 440 3631 507 3690; x_wconf 83' lang='lat'>121.</span> <span class='ocrx_word' id='word_1_259' title='bbox 527 3625 584 3699; x_wconf 92' lang='lat' dir='ltr'><strong>VI,</strong></span> <span class='ocrx_word' id='word_1_260' title='bbox 603 3633 725 3691; x_wconf 84' lang='lat'>55—57</span> <span class='ocrx_word' id='word_1_261' title='bbox 745 3624 800 3690; x_wconf 94' lang='lat' dir='ltr'><strong>ubi</strong></span> <span class='ocrx_word' id='word_1_262' title='bbox 817 3625 916 3689; x_wconf 89' lang='lat' dir='ltr'><strong>series</strong></span> <span class='ocrx_word' id='word_1_263' title='bbox 932 3646 990 3688; x_wconf 89' lang='lat' dir='ltr'><strong>sex</strong></span> <span class='ocrx_word' id='word_1_264' title='bbox 1010 3623 1301 3708; x_wconf 86' lang='lat' dir='ltr'><strong>interrogationum</strong></span> 
     </span>
     <span class='ocr_line' id='line_1_35' title="bbox 166 3713 1302 3811; baseline -0.002 -26"><span class='ocrx_word' id='word_1_265' title='bbox 166 3745 229 3786; x_wconf 94' lang='lat' dir='ltr'><strong>uno</strong></span> <span class='ocrx_word' id='word_1_266' title='bbox 258 3724 500 3811; x_wconf 90' lang='lat' dir='ltr'><strong>interrumpitur</strong></span> <span class='ocrx_word' id='word_1_267' title='bbox 528 3727 715 3790; x_wconf 73' lang='lat' dir='ltr'><strong>enuntiato:</strong></span> <span class='ocrx_word' id='word_1_268' title='bbox 745 3713 765 3788; x_wconf 78' lang='lat'><em>8</em></span> <span class='ocrx_word' id='word_1_269' title='bbox 795 3720 831 3787; x_wconf 71' lang='lat' dir='ltr'><strong>da*</strong></span> <span class='ocrx_word' id='word_1_270' title='bbox 860 3721 988 3787; x_wconf 78' lang='grc' dir='ltr'><em>πάντων</em></span> <span class='ocrx_word' id='word_1_271' title='bbox 1009 3716 1238 3802; x_wconf 73' lang='grc' dir='ltr'><strong>σχετλιώτατον</strong></span> <span class='ocrx_word' id='word_1_272' title='bbox 1259 3759 1302 3769; x_wconf 92' lang='lat'><em>-</em></span> 
     </span>
     <span class='ocr_line' id='line_1_36' title="bbox 165 3816 1301 3910; baseline 0.004 -27"><span class='ocrx_word' id='word_1_273' title='bbox 165 3817 243 3902; x_wconf 79' lang='grc' dir='ltr'><strong><em>περὶ</em></strong></span> <span class='ocrx_word' id='word_1_274' title='bbox 264 3816 401 3890; x_wconf 74' lang='grc' dir='ltr'><em>τούτων.</em></span> <span class='ocrx_word' id='word_1_275' title='bbox 423 3823 497 3905; x_wconf 89' lang='lat' dir='ltr'><strong>XV,</strong></span> <span class='ocrx_word' id='word_1_276' title='bbox 515 3830 563 3894; x_wconf 85' lang='grc'><strong>76.</strong></span> <span class='ocrx_word' id='word_1_277' title='bbox 582 3833 620 3891; x_wconf 83' lang='grc'><strong>77</strong></span> <span class='ocrx_word' id='word_1_278' title='bbox 635 3827 868 3889; x_wconf 87' lang='lat' dir='ltr'><strong>incrementum</strong></span> <span class='ocrx_word' id='word_1_279' title='bbox 883 3827 1020 3889; x_wconf 89' lang='lat' dir='ltr'><strong>vestitur</strong></span> <span class='ocrx_word' id='word_1_280' title='bbox 1040 3825 1301 3910; x_wconf 91' lang='lat' dir='ltr'><strong>interrogationi-</strong></span> 
     </span>
     <span class='ocr_line' id='line_1_37' title="bbox 165 3921 1301 4012; baseline 0.002 -26"><span class='ocrx_word' id='word_1_281' title='bbox 165 3921 241 3987; x_wconf 92' lang='lat' dir='ltr'><strong>bus:</strong></span> <span class='ocrx_word' id='word_1_282' title='bbox 280 3927 449 4009; x_wconf 90' lang='lat' dir='ltr'><strong>quaeritur</strong></span> <span class='ocrx_word' id='word_1_283' title='bbox 485 3927 571 3990; x_wconf 91' lang='lat' dir='ltr'><strong>enim</strong></span> <span class='ocrx_word' id='word_1_284' title='bbox 605 3926 744 4011; x_wconf 90' lang='lat' dir='ltr'><strong>primurn</strong></span> <span class='ocrx_word' id='word_1_285' title='bbox 780 3947 939 4012; x_wconf 85' lang='lat' dir='ltr'><strong>quaenam</strong></span> <span class='ocrx_word' id='word_1_286' title='bbox 974 3927 1076 3989; x_wconf 93' lang='lat' dir='ltr'><strong>oratio</strong></span> <span class='ocrx_word' id='word_1_287' title='bbox 1108 3926 1150 3988; x_wconf 88' lang='lat' dir='ltr'><strong>sit</strong></span> <span class='ocrx_word' id='word_1_288' title='bbox 1184 3924 1301 4009; x_wconf 88' lang='lat' dir='ltr'><strong>justior</strong></span> 
     </span>
     <span class='ocr_line' id='line_1_38' title="bbox 165 4021 1298 4112; baseline 0.001 -26"><span class='ocrx_word' id='word_1_289' title='bbox 165 4023 311 4107; x_wconf 91' lang='lat' dir='ltr'><strong>magisve</strong></span> <span class='ocrx_word' id='word_1_290' title='bbox 342 4026 398 4111; x_wconf 91' lang='lat' dir='ltr'><strong>pia</strong></span> <span class='ocrx_word' id='word_1_291' title='bbox 427 4048 523 4111; x_wconf 91' lang='lat' dir='ltr'><strong>quam</strong></span> <span class='ocrx_word' id='word_1_292' title='bbox 552 4047 635 4112; x_wconf 88' lang='lat' dir='ltr'><strong>quae</strong></span> <span class='ocrx_word' id='word_1_293' title='bbox 656 4026 798 4111; x_wconf 87' lang='lat' dir='ltr'><strong>majores</strong></span> <span class='ocrx_word' id='word_1_294' title='bbox 825 4025 948 4088; x_wconf 91' lang='lat' dir='ltr'><strong>meritis</strong></span> <span class='ocrx_word' id='word_1_295' title='bbox 970 4022 1123 4088; x_wconf 88' lang='lat' dir='ltr'><strong>laudibus</strong></span> <span class='ocrx_word' id='word_1_296' title='bbox 1145 4021 1298 4105; x_wconf 90' lang='lat' dir='ltr'><strong>celebret,</strong></span> 
     </span>
     <span class='ocr_line' id='line_1_39' title="bbox 166 4122 1301 4211; baseline 0.001 -25"><span class='ocrx_word' id='word_1_297' title='bbox 166 4122 282 4187; x_wconf 88' lang='lat' dir='ltr'><strong>deinde</strong></span> <span class='ocrx_word' id='word_1_298' title='bbox 316 4126 420 4209; x_wconf 89' lang='lat' dir='ltr'><strong>magis</strong></span> <span class='ocrx_word' id='word_1_299' title='bbox 454 4125 588 4211; x_wconf 88' lang='lat' dir='ltr'><strong>politica</strong></span> <span class='ocrx_word' id='word_1_300' title='bbox 618 4125 730 4211; x_wconf 86' lang='lat' dir='ltr'><strong>reique</strong></span> <span class='ocrx_word' id='word_1_301' title='bbox 765 4123 914 4209; x_wconf 88' lang='lat' dir='ltr'><strong>publicae</strong></span> <span class='ocrx_word' id='word_1_302' title='bbox 946 4124 1055 4187; x_wconf 92' lang='lat' dir='ltr'><strong>utilior</strong></span> <span class='ocrx_word' id='word_1_303' title='bbox 1084 4144 1181 4208; x_wconf 92' lang='lat' dir='ltr'><strong>quam</strong></span> <span class='ocrx_word' id='word_1_304' title='bbox 1215 4143 1301 4209; x_wconf 90' lang='lat' dir='ltr'><strong>quae</strong></span> 
     </span>
    </p>
   </div>
   <div class='ocr_carea' id='block_1_3' title="bbox 232 4341 382 4411">
    <p class='ocr_par' dir='ltr' id='par_1_4' title="bbox 232 4341 382 4411">
     <span class='ocr_line' id='line_1_40' title="bbox 232 4341 382 4411; baseline 0.007 -16"><span class='ocrx_word' id='word_1_305' title='bbox 232 4341 382 4411; x_wconf 74' lang='lat' dir='ltr'><strong>exus.</strong></span> 
     </span>
    </p>
   </div>
   <div class='ocr_carea' id='block_1_4' title="bbox 0 0 1478 4830">
    <p class='ocr_par' dir='ltr' id='par_1_5' title="bbox 0 0 1478 4830">
     <span class='ocr_line' id='line_1_41' title="bbox 0 0 1478 4830; baseline 0 2"><span class='ocrx_word' id='word_1_306' title='bbox 0 0 1478 4830; x_wconf 95' lang='lat' dir='ltr'><strong> </strong></span> 
     </span>
    </p>
   </div>
  </div>
 </body>
</html>
