2946 4830
695 349 699 354 .
781 267 817 354 ¹.2

316 425 470 491 Attamen
488 426 643 491 Isocratis
664 429 695 491 in
717 427 767 492 his
788 427 969 492 rhetoricae
984 427 1131 513 partibus
1147 426 1365 492 nonvinfelieis

234 549 359 590 summa
382 527 433 590 vis
463 527 604 590 cernitur
635 527 669 590 in
698 526 887 593 elocutione.
923 526 1190 612 Namprimus1)
1223 529 1366 592 omnium

233 627 360 711 insigne
383 624 523 690 studium
544 626 578 689 in
600 626 831 713 componendis
855 634 887 690 et
908 625 1134 697 continuandis
1152 649 1234 713 quae
1252 626 1366 692 orbem

234 726 385 790 orationis
415 724 558 790 efficiunt
579 725 722 812 periodis
745 716 862 812 posuit,
893 735 996 791 certos
1018 725 1191 791 verborum
1213 749 1366 792 numeros

234 833 265 889 ct
287 824 506 889 conclusiones
527 826 648 899 statuit,
674 826 928 891 mediocritatem
960 824 1121 910 quandam
1151 827 1254 891 tenuit
1280 827 1367 890 inter

235 924 436 1008 Gorgianam
459 923 587 988 dicendi
600 947 754 1010 pompam
770 935 801 990 et
816 925 992 1011 Lysiacam
1006 926 1204 1006 tenuitatem,
1226 925 1367 1011 denique

234 1023 405 1088 elocutioni
430 1025 494 1109 ipsi
523 1032 647 1089 tantam
668 1024 783 1089 tribuit
805 1048 946 1111 operam,
969 1034 1123 1111 quantam
1145 1047 1239 1089 nemo
1261 1047 1368 1111 neque

234 1146 345 1189 eorum
368 1125 423 1211 qui
444 1132 518 1187 ante
539 1146 610 1188 eum
628 1126 790 1189 orationes
809 1127 985 1210 attigerunt
1005 1147 1065 1188 nec
1080 1126 1261 1211 quicunque
1281 1125 1368 1188 inter

233 1233 380 1310 posteros
396 1222 533 1287 dicendo
554 1222 740 1288 floruerunt.
774 1223 839 1304 Qui
861 1225 1008 1308 quamvis
1030 1223 1072 1288 ab
1094 1224 1181 1288 omni
1202 1224 1281 1287 vitio
1294 1224 1369 1309 ipse

232 1345 436 1408 nequaquam
450 1332 593 1388 remotus
610 1345 675 1387 non
688 1322 781 1388 modo
798 1323 1011 1388 Demostheni
1026 1323 1169 1409 perfecto
1187 1321 1236 1386 illi
1250 1322 1368 1388 orandi

234 1423 352 1487 artifici
372 1424 461 1486 viam
483 1421 685 1508 eloquentiae
707 1423 749 1487 ad
772 1446 930 1488 summum
953 1421 1178 1509 perducendae
1200 1424 1367 1507 fastigium

232 1513 396 1604 muniisse,
420 1522 477 1586 sed
497 1523 630 1607 reliquis
653 1521 800 1588 omnibus
825 1522 955 1586 dicendi
970 1545 1117 1587 normam
1132 1545 1172 1587 ac
1189 1533 1370 1609 praecepta

210 1682 213 1687 .
237 1622 367 1686 dedisse
390 1623 467 1707 quin
484 1625 559 1710 jure
581 1622 730 1686 videatur
741 1622 765 1701 2)
786 1645 850 1687 non
872 1621 1068 1687 dubitamus.

315 1722 368 1786 En
382 1722 483 1787 habes
499 1724 642 1808 speciem
655 1723 727 1800 viri,
743 1722 940 1811 cuifltticae
957 1722 1079 1786 Sirenis
1093 1745 1211 1786 nomen
1226 1721 1368 1786 oblecta-

233 1830 414 1886 mentorum
443 1843 543 1887 causa
575 1845 657 1906 quae
685 1822 822 1909 praebet
849 1821 981 1886 auribus
1008 1844 1072 1887 non
1094 1821 1178 1886 male
1200 1822 1370 1906 dederunt,

232 1922 381 1986 bifrontis
404 1921 489 1986 illius
521 1932 552 1987 et
579 1924 613 1986 in
635 1924 805 1987 contraria
827 1921 904 2004 fere,
927 1921 1034 2001 credo,
1062 1921 1218 1986 abeuntis.
1262 1920 1327 2001 Qui
1350 1946 1371 1987 a

233 2031 351 2085 natura
379 2020 558 2107 splendidis
590 2031 622 2086 et
654 2023 802 2108 corporis
824 2030 868 2085 'et
903 2022 1003 2085 animi
1032 2021 1161 2086 dotibus
1191 2034 1370 2087 exornatus

235 2123 323 2187 intra
345 2131 517 2205 angustum
541 2120 669 2185 scholae
700 2123 842 2207 spatium
869 2119 1069 2206 eloquentiae
1089 2122 1156 2185 vim
1179 2123 1370 2207 expromsit,

236 2220 452 2306 sophistarum
475 2220 604 2306 quidem
627 2221 793 2285 doetrinae
815 2221 957 2284 omnium
978 2221 1154 2285 acerrimus
1174 2223 1366 2306 exagitator,

234 2321 322 2384 vitiis
331 2321 355 2398 ⁸)
385 2330 493 2383 tamen
523 2342 588 2383 non
622 2322 780 2401 intactuS,
813 2320 971 2400 laudator,
1005 2321 1032 2384 si
1060 2319 1191 2383 Horatii
1220 2318 1295 2384 licet
1322 2320 1365 2384 uti

234 2418 353 2499 verbis,
383 2421 538 2504 temporis
561 2420 634 2501 acti,
665 2428 838 2505 corruptae
858 2442 935 2483 vero
958 2441 1041 2505 quae
1063 2441 1135 2483 eum
1157 2417 1230 2482 tulit
1252 2420 1367 2484 aetatis

235 2541 343 2583 merus
366 2517 524 2601 alumnus,
555 2541 649 2605 quem
672 2518 727 2583 alii
751 2514 898 2583 omnibus
919 2517 1110 2607 sustulerint
1130 2517 1291 2600 laudibus,
1313 2517 1370 2583 alii

235 2619 441 2683 vehementer
462 2618 701 2704 reprehendant
728 2620 887 2704 parvique
916 2620 1095 2698 aestiment,
1117 2627 1203 2682 certe
1224 2617 1371 2704 plerique

236 2718 413 2784 subtilioris
436 2728 532 2802 atque
551 2719 760 2804 elegantioris
776 2717 964 2783 elocutionis
980 2719 1191 2803 praecipuum
1206 2727 1371 2783 auctorem

236 2843 275 2884 ac
296 2820 502 2884 formatorem
524 2819 744 2902 agnoscant.⁴)

319 2918 411 2998 Quae
438 2941 510 2982 cum
537 2919 583 2982 ita
615 2919 688 3000 sint,
717 2917 752 2981 id
777 2919 918 2981 maxime
946 2916 1041 2982 nobis
1069 2918 1307 3003 proposuimus,
1336 2927 1372 2981 ut

235 3019 341 3104 ipsam
375 3018 585 3082 elocutionem
619 3019 832 3098 Isocrateam,
867 3018 958 3103 cujus
984 3025 1075 3081 tanta
1104 3025 1153 3081 est
1179 3018 1368 3092 auctoritas,

236 3116 421 3182 describere
456 3127 552 3203 atque
586 3118 774 3181 examinare
808 3139 1000 3181 conaremur
1036 3125 1203 3202 sperantes
1235 3116 1305 3181 fore
1334 3126 1371 3181 ut

236 3226 356 3304 quanto
378 3216 432 3281 ille
447 3219 522 3303 jure
543 3218 577 3281 in
598 3217 802 3303 praeclarum
818 3217 994 3280 referretur
1011 3239 1180 3280 numerum
1197 3214 1370 3306 illustrium

236 3320 395 3391 virorum,
433 3316 549 3403 quibus
582 3317 710 3381 Atticae
741 3316 943 3403 eloquentiae
972 3318 1150 3398 nascentis,
1185 3315 1370 3398 crescentis,

237 3416 365 3480 adultae
387 3415 522 3480 historia
541 3418 667 3492 niteret,
688 3415 880 3480 luculentius
899 3417 996 3480 etiam
1019 3425 1201 3502 appareret.

306 3655 330 3719 1)
349 3651 405 3705 Cic.
418 3657 487 3703 orat.
495 3652 539 3711 13,
558 3652 613 3701 40.:
632 3647 701 3702 Cum
714 3649 838 3701 concisus
850 3647 876 3702 ei
885 3649 1105 3718 Thrasymachus
1123 3648 1234 3702 minutis
1252 3650 1372 3703 numeris

236 3737 374 3791 videretur
394 3742 422 3789 et
442 3733 567 3804 Gorgias,
585 3733 633 3804 qui
650 3739 743 3785 tamen
760 3733 841 3802 primi
860 3733 988 3787 dicuntur
1009 3741 1068 3786 arte
1087 3734 1205 3804 quadam
1222 3733 1371 3787 verbavin-

236 3822 318 3874 xisse:
343 3819 505 3873 Theodorus
528 3824 620 3870 autem
642 3816 823 3887 praefractior
845 3835 895 3870 nee
913 3817 978 3871 satis
1002 3824 1032 3870 ut
1053 3817 1093 3869 ita
1115 3817 1204 3870 dicam
1226 3819 1371 3879 rotundus:

140 3972 143 3976 Ι
236 3905 339 3976 primus
357 3902 476 3956 instituit
494 3902 609 3954 dilatare
628 3900 717 3954 verbis
735 3909 763 3954 ot
776 3901 949 3955 mollioribus
961 3902 1079 3954 numeris
1092 3903 1203 3972 explere
1215 3901 1372 3955 sententias.

235 3990 269 4042 ln
287 4006 341 4060 quo
360 4005 421 4041 cum
445 3988 556 4039 doceret
578 4003 636 4049 cos,
659 3985 706 4057 qui
732 3985 831 4055 partim
853 3986 881 4038 in
905 3985 1034 4048 dicendo,
1056 3985 1156 4055 partim
1179 3986 1206 4037 in
1228 3984 1372 4038 scribendo

237 4074 374 4144 principes
392 4072 562 4133 exstiterunt,
581 4071 677 4122 domus
697 4069 755 4140 ejus
773 4069 884 4122 officina
901 4068 996 4122 habita
1014 4068 1188 4141 eloquentiae
1206 4075 1255 4122 est.

304 4160 329 4216 2)
349 4156 383 4208 0.
400 4155 520 4208 Mueller
538 4173 564 4224 p.
583 4157 640 4206 391.
658 4153 714 4207 Cic.
732 4154 766 4206 dc
784 4159 852 4207 orat.
872 4153 909 4216 ΙΙ,
926 4157 950 4216 ξ.
969 4155 1010 4206 94.
1037 4216 1040 4221 ¹

305 4242 330 4306 3)
350 4240 384 4291 de
402 4238 500 4309 quibus
519 4238 575 4308 egit
592 4238 714 4291 Pluntkc
731 4256 758 4307 p.
776 4241 808 4289 53
826 4254 886 4308 sqq.

304 4325 330 4390 4)
352 4323 510 4376 Volkmann
528 4341 555 4393 p.
574 4325 631 4374 333.
