2946 4830
165 450 287 534 fingere
314 449 465 534 potuerit.
478 449 501 528 ¹)
549 448 642 529 Quae
675 447 849 514 difficultas
882 448 987 512 effecit
1020 458 1056 512 ut
1087 455 1209 529 essent,
1242 447 1298 534 qui

167 571 239 613 cum
261 548 410 612 irrisione
426 547 564 634 quadam
583 549 727 613 Socratis
744 547 825 612 illud
847 549 1016 633 augurium
1037 570 1057 611 a
1072 546 1206 611 Platone
1227 570 1297 610 esse

144 689 148 702 .«
167 648 260 733 quasi
271 646 408 711 relatum
424 634 666 734 suspicarentur
677 650 711 730 ²),
732 670 868 735 quorum
883 657 990 712 tamen
1005 670 1068 711 non
1084 648 1188 710 minus
1201 669 1297 732 quarn

167 746 332 811 Ciceronis
353 746 602 833 improbandam
625 770 695 812 esse
725 749 915 812 sententiam
943 748 1046 811 omnis
1066 746 1209 810 Phaedri
1231 746 1298 809 dia-

166 846 232 932 logi
254 848 336 910 ratio
357 869 416 910 nos
440 846 540 911 docet.
576 847 704 911 Etenim
727 848 885 911 Isocrates
908 845 992 933 quod
1016 857 1160 911 extremo
1178 845 1233 910 illo
1251 845 1296 909 di·
1322 889 1323 892 =
1358 859 1364 870 ·

167 945 261 1031 alogo
277 946 409 1033 Lysiae,
430 948 521 1034 cujus
541 948 644 1011 oratio
668 948 826 1010 amatoria
848 957 980 1032 propter
1001 956 1225 1032 argumentum
1240 947 1299 1008 im-

167 1068 282 1132 purum
311 1045 532 1110 vehementem
561 1048 632 1111 iniit
661 1048 932 1134 vituperationem
943 1047 983 1129 ³),
1017 1047 1200 1133 opponitur,
1228 1046 1299 1109 lieri

167 1168 231 1210 non
253 1155 359 1231 potest
387 1147 478 1232 quin,
506 1169 577 1211 curn
609 1149 738 1234 rejectis
765 1146 828 1210 illis
858 1147 1086 1211 controversiis
1114 1146 1298 1210 forensibus

168 1246 359 1331 omissisque
373 1246 468 1330 nugis
491 1248 673 1328 amatoriis,
704 1246 876 1333 inquibus
903 1244 979 1309 solis
1000 1247 1068 1310 fere
1091 1245 1209 1334 Lysias
1232 1255 1300 1308 tum

66 1351 68 1356 ’
167 1355 316 1410 versatus
335 1353 393 1426 est,
416 1346 560 1431 profecto
579 1345 766 1432 praeclaras
790 1355 821 1410 et
843 1345 885 1410 ad
901 1347 1041 1410 omniurn
1061 1345 1194 1409 salutern
1210 1366 1300 1431 spoc-

168 1453 272 1509 tantes
296 1467 349 1508 res
372 1445 553 1531 dequibus
572 1456 648 1532 apte
673 1445 795 1510 diceret
813 1445 876 1509 sibi
891 1448 1113 1531 proposuisset
1123 1446 1157 1527 4),
1178 1447 1301 1532 majore

168 1566 266 1631 quam
287 1543 340 1608 ille
362 1544 404 1608 ad
426 1546 577 1609 virtutem
602 1545 709 1610 indole
731 1555 863 1610 ornatus
885 1547 1010 1632 majora
1032 1546 1129 1618 etiam
1151 1546 1301 1630 concupi·
1356 1614 1359 1620 .

166 1644 254 1708 visse
276 1643 434 1710 videatur.
472 1644 608 1709 Accedit
630 1644 726 1732 quod,
750 1667 823 1711 cum
845 1645 964 1730 Lysias
986 1659 1177 1730 argumenta
1198 1643 1300 1731 philo-

169 1742 342 1829 sophorum
365 1752 455 1807 'more
478 1766 538 1808 nec
561 1745 744 1831 perceperit
765 1766 824 1809 nec
845 1746 1037 1809 tractaverit
1057 1744 1179 1809 alienus
1207 1743 1261 1808 illc
1282 1768 1302 1809 a

167 1842 264 1907 'rebus
288 1844 463 1930 propositis
485 1843 679 1926 generaliter
701 1843 936 1922 definiendis5),
956 1845 1114 1909 Isocrates
1137 1844 1302 1931 aliquanto

168 1942 317 2007 altiorem
335 1943 442 2008 locum
469 1952 622 2031 oocupat3
657 1946 713 2030 qui
735 1945 795 2008 etsi
816 1952 941 2008 tantum
962 1944 1069 2022 abest,
1099 1953 1136 2008 ut
1158 1942 1302 2009 Socratis

169 2041 209 2105 de
230 2042 358 2106 virtutis
387 2043 525 2107 utilitate
554 2043 735 2107 doctrinam
765 2053 820 2107 aut
840 2042 1038 2107 intellexisse
1068 2054 1123 2108 aut
1144 2044 1303 2131 probasse

169 2141 405 2206 existimandus
425 2144 476 2224 sit,
501 2151 538 2207 ut
561 2142 792 2207 beatitudinem
809 2145 843 2207 in
866 2145 1012 2228 corporis
1037 2143 1131 2208 bonis
1153 2153 1300 2233 externa·

168 2263 230 2328 que
251 2242 381 2306 fortuna
392 2243 415 2318 6)
437 2265 589 2328 magnam
616 2252 742 2328 partem
765 2243 942 2308 consistere
970 2245 1117 2325 sentiret,
1150 2265 1187 2307 eo
1216 2251 1298 2307 certe

170 2338 254 2426 quod
277 2331 311 2404 in
332 2340 402 2405 sola
419 2343 548 2423 virtute,
569 2343 695 2409 etiamsi
715 2342 877 2407 interdum
897 2343 1020 2407 inutilis
1042 2365 1113 2407 esse
1127 2342 1299 2425 videretur,

169 2462 294 2504 ornnem
339 2441 399 2504 niti
436 2449 467 2505 et
498 2440 697 2526 singulorum
738 2450 770 2506 et
804 2442 1003 2529 reipublicae
1039 2464 1130 2529 spem
1169 2441 1302 2506 felicita-

168 2539 210 2603 tis
239 2538 347 2604 docuit
357 2542 397 2623 ⁷),
429 2540 573 2605 Socratis
604 2564 637 2605 se
658 2541 853 2625 auditorem,
882 2541 969 2606 haud
998 2543 1065 2607 scio
1093 2565 1134 2607 an
1164 2541 1304 2629 discipu·

167 2637 245 2721 lum,
267 2641 429 2725 praestit't
440 2643 474 2718 81.
519 2641 611 2721 Quae
634 2664 705 2706 cum
727 2643 774 2706 ita
796 2643 868 2722 sint,
895 2666 959 2707 non
989 2652 1038 2706 est
1060 2665 1117 2707 cur
1136 2641 1304 2707 Platonem

58 2765 63 2777 ·
169 2739 275 2804 inesse
297 2741 331 2803 in
352 2740 506 2805 Isocratis
528 2751 634 2806 mente
656 2741 820 2828 quandam
842 2741 1081 2828 philosophiam
1110 2744 1130 2806 i.
1159 2765 1185 2806 6.
1208 2741 1312 2826 altius·

169 2846 265 2923 atque
287 2839 452 2904 honestius
474 2842 604 2905 virtutis
620 2841 760 2906 studium
775 2851 843 2905 tum
858 2841 1035 2906 credidisse
1049 2865 1211 2927 negemus,
1231 2864 1303 2906 eum

168 2937 401 3018 familiaritatis
429 2941 568 3005 vinculis
598 2942 761 3027 conjuncti
787 2941 953 3005 definitam
983 2964 1075 3005 suam
1101 2951 1237 3028 uterque
1265 2960 1305 3005 ac

160 3037 238 3101 ‘fere
255 3040 450 3103 contrariam
464 3039 643 3104 studiorum
654 3042 811 3105 rationem
824 3040 966 3106 nondum
980 3041 1100 3104 fuerint
1113 3042 1252 3126 ingressi
1263 3076 1305 3086 -

236 3325 261 3389 1)
285 3325 316 3376 L.
338 3321 459 3393 Spengel
483 3321 625 3387 ‚Isocrates
650 3340 676 3374 u.
696 3321 806 3375 Platon‘
824 3322 1047 3392 Abhandlungen
1069 3323 1118 3376 der
1139 3323 1304 3393 philosoph.-

167 3408 274 3480 philog.
293 3407 385 3460 Classe
404 3407 452 3458 der
469 3405 537 3458 bair.
554 3405 639 3459 Acad.
657 3407 684 3459 d.
702 3407 867 3461 Wissensch.
886 3406 949 3460 Vol.
966 3407 1031 3474 Vll,
1049 3425 1075 3476 p.
1096 3410 1144 3459 732
1162 3425 1220 3477 sqq.

237 3494 263 3558 2)
283 3491 357 3567 Geel
370 3490 413 3554 ,de
426 3489 574 3546 Stesichori
587 3489 736 3560 palinodia‘
756 3491 827 3544 Mus.
840 3491 926 3545 Rhen.
947 3494 1021 3545 1838.
1039 3511 1064 3562 p.
1078 3491 1305 3544 9—1l.llnem0-

168 3594 234 3646 syne
254 3579 327 3629 1855.
345 3575 395 3641 IV,
414 3577 472 3627 227.
491 3581 519 3626 et
537 3569 614 3627 Bake
639 3575 681 3638 ,de
703 3574 887 3629 aemulatione
906 3575 1053 3629 Plutonem
1074 3575 1146 3628 inter
1168 3574 1305 3628 0111001.ί

168 3660 255 3714 schol.
272 3661 402 3730 hypomn.
437 3658 500 3712 Vol.
518 3658 614 3729 IIIJp.
633 3662 742 3712 27-47.

178 3741 422 3815 ,asmo
579 3797 582 3808 ,

236 3814 366 3896 4111601.
384 3845 424 3882 01.
440 3828 491 3890 IV,
509 3831 538 3881 9:
557 3822 589 3894 od
603 3825 658 3895 μὲν
674 3821 730 3899 γὰρ
749 3820 869 3898 πράξεις
887 3824 916 3882 αὶ
934 3825 1184 3898 πραγεγεκημὲκαι
1208 3828 1305 3880 κοιναὶ

168 3917 256 3967 πᾶσιν
275 3912 343 3981 ἡμῖν
360 3911 597 3980 κατελείφθησαν
617 3904 653 3965 τὸ
670 3901 694 3965 δ’
712 3910 746 3965 ἐν
761 3917 856 3985 καιρῷ
875 3904 994 3974 ταύταις
1012 3912 1254 3981 καταχρήσασθαι
1273 3942 1301 3948 -

168 4001 230 4050 τῶν
247 3997 279 4051 εὐ
296 3989 488 4066 φρονούντων
507 3989 582 4049 ἴδιόν
596 3993 687 4058 ἐστιν.
707 3998 741 4050 of.
760 3997 825 4060 XV,
844 4001 867 4050 3.

238 4083 264 4147 5)
283 4081 401 4134 Phaedr.
415 4080 617 4143 noan-ncln.
629 4080 690 4133 vide
700 4080 816 4134 F.Blass
830 4081 1195 4144 „d.attischeBercds1nkt.“
1209 4101 1234 4152 p.
1249 4085 1303 4134 376.

283 4182 354 4236 quac
366 4165 451 4217 illum
459 4173 566 4219 constat
578 4166 613 4218 ab
626 4164 700 4238 omni
713 4166 784 4219 vitae
792 4165 918 4219 instituto
932 4172 1015 4235 atquc
1027 4165 1135 4220 actione
1147 4167 1297 4238 sejunxissc

225 4166 264 4315 ll
282 4265 320 4302 or.
335 4243 388 4316 vl,
407 4252 448 4302 35.
461 4251 507 4328 ι36.
641 4320 644 4325 ι

237 4331 264 4400 8)
283 4333 317 4385 cf.
336 4332 488 4388 Sehrocdcr
505 4353 531 4405 p.
549 4338 565 4387 4
585 4353 643 4406 sqq.
