2946 4830
715 259 755 320 22

167 425 305 489 dantia
332 421 433 487 verba
452 422 619 488 faciamus.
673 423 733 491 eui
762 423 875 488 virtuti
903 422 1043 487 maxime
1078 421 1299 506 obscurorum,

166 523 392 606 obsoletorum,
412 521 552 610 denique
572 524 780 590 insolentium
801 521 1033 589 vocabulorum
1047 544 1139 585 usum
1158 531 1301 608 apparet

167 623 332 702 obsistere,
362 644 455 709 quem
473 631 592 725 ⁴tamen
619 624 794 692 Isocratem
818 644 919 710 aequo
942 643 982 686 ac
1001 621 1147 707 Lysiam,
1177 622 1300 708 quippe

166 724 221 810 qui
244 745 263 786 a
286 743 410 786 summa
432 723 587 786 tenuitate
606 746 644 788 ac
667 721 872 809 simplicitate
894 743 1068 807 numquam
1088 721 1156 785 fere
1178 720 1300 788 disces-

167 823 255 906 serit,
279 824 374 887 enixe
395 822 516 886 vitasse
537 822 699 908 Dionysio
723 821 964 888 concedendum
988 829 1047 887 est.

116 916 119 923 ’
248 921 508 988 Glossemata
523 923 607 986 enim
622 945 703 1000 esse,
717 931 754 986 ut
765 921 936 987 voluerunt
950 921 1152 1007 interpretes,
1169 922 1231 986 duo
1244 921 1300 988 illa

166 1023 268 1087 verba
289 1013 499 1100 υίποπομπαὶ
516 1023 556 1105 V,
579 1029 638 1088 117
653 1045 691 1087 ac
706 1019 1036 1108 διεσκαριφησιίμεθα
1057 1021 1131 1104 VII,
1156 1027 1192 1088 12
1212 1021 1301 1088 haud

168 1123 236 1187 scio
251 1146 293 1187 an
308 1123 411 1209 possit
432 1122 554 1208 negari.
598 1122 691 1202 Quae
713 1143 786 1186 cum
807 1121 901 1187 nobis
922 1144 987 1186 non
1010 1122 1074 1185 sint
1096 1121 1242 1187 difficilia
1257 1121 1301 1187 ad

165 1221 446 1309 interpretandum
460 1223 491 1304 1),
512 1230 648 1304 veteres
671 1223 831 1308 imprimis
851 1221 1006 1286 Isocratis
1025 1221 1199 1299 auditores,
1217 1221 1301 1286 bene

166 1323 375 1408 perspexisse
396 1321 605 1386 existimandi
627 1331 709 1405 sunt,
732 1318 813 1387 adeo
829 1343 846 1385 e
862 1320 1015 1386 cotidiani
1039 1323 1194 1386 sermonis
1217 1343 1301 1386 com·

166 1423 287 1487 mersio
305 1421 457 1486 videntur
479 1423 580 1508 petita
602 1444 684 1487 esse.
702 1457 743 1467 —
903 1422 905 1427 ’

249 1520 424 1586 Praeterea
445 1545 509 1587 non
531 1545 636 1608 pauca
663 1521 870 1585 inveniuntur
890 1519 992 1584 verba
1014 1542 1151 1606 perrara
1171 1521 1301 1608 quidem

167 1620 225 1687 sed
260 1644 324 1686 non
353 1622 481 1686 vitiosa.
535 1622 701 1708 Leguntur
737 1620 903 1707 poetica
933 1610 1094 1682 είπαιδία
1127 1623 1179 1700 18,
1217 1626 1255 1686 72
1267 1622 1300 1701 ²),

167 1713 308 1806 ὀδυρμοὶ
333 1721 459 1805 XVIII,
488 1728 527 1789 37
538 1723 578 1800 ³).'
611 1712 852 1806 εὐπροσήγορος
872 1718 902 1802 Ι,
922 1723 972 1795 28,
1004 1713 1190 1804 μηλοβότος
1210 1719 1302 1800 XIV,

168 1828 223 1905 31,
260 1814 535 1904 κατασφραγίζειν
563 1820 675 1904 XVII,
710 1826 749 1886 34
759 1822 792 1898 ⁴¹).
829 1815 1089 1899 συννεκκομίζειν
1118 1820 1216 1897 XIX,
1252 1825 1304 1888 20.

167 1915 480 2003 ουμπονηρείεσθαι
514 1921 588 2003 XV,
618 1927 679 1987 224
690 1923 723 2003 ⁵),
759 1912 1093 2006 προοδιαφθείρεινθ)
1119 1919 1218 2002 ΧΙΧ,
1251 1925 1302 2003 29,
1388 1941 1389 1944 ’

166 2013 453 2105 προσεξευρίσκειν
480 2021 538 2102 IV,
568 2028 626 2089 167
639 2023 663 2100 ⁷)
670 2069 678 2102 ,
713 2016 927 2102 μεγαλαυχεῖν
955 2019 1020 2102 ΧΙ,
1053 2026 1080 2085 4.
1093 2020 1118 2100 8)
1148 2055 1190 2066 -
1219 2019 1303 2085 Cum

137 2189 139 2192 ,
165 2122 420 2207 posterioris
443 2121 557 2186 aetatis
576 2119 789 2206 scriptoribus
804 2118 903 2184 habet
920 2123 1081 2185 Isocrates
1100 2118 1305 2184 substantiva

165 2211 346 2302 ἓργολαβία
373 2220 414 2303 V,
443 2226 498 2298 25,
528 2212 723 2302 καινουργία
749 2219 810 2301 VI,
837 2224 891 2302 50,
915 2212 1140 2302 ,κοροπλάθος
1170 2219 1245 2302 XV,
1273 2225 1304 2303 2,

165 2312 355 2403 περιττότης
371 2319 414 2401 Χ,
429 2327 456 2402 7,
479 2312 639 2406 φιληκοία
653 2319 679 2403 Ι,
696 2324 749 2403 18,
772 2318 934 2406 adjectiva
956 2309 1303 2403 consentancum,
1388 2315 1391 2320 ’

165 2412 356 2507 εὔδιηγητος
376 2419 475 2503 XIX,
497 2424 546 2497 28,
580 2415 727 2504 κτητικὸς
747 2418 829 2503 ΧΠ,
851 2425 920 2501 242,
955 2411 1152 2500 περίοτατος
1171 2419 1233 2502 VI,
1257 2426 1296 2486 95

169 2512 457 2607 φιλοπροοήγορος
477 2520 504 2603 Ι,
526 2525 576 2602 28,
599 2512 825 2602 ὑπεροπτικὸς
846 2518 921 2601 XII,
945 2524 1021 2599 2413
1043 2519 1146 2584 verba
1168 2511 1302 2604 ἀδηφα-

166 2621 235 2705 γεῖν
256 2620 314 2703 VI,
335 2626 384 2703 55,
407 2611 623 2698 ἀνακαινίζειν
644 2619 715 2698 VII,
738 2623 766 2701 8,
787 2609 1044 2704 ἀντιστρατηγεῖν
1064 2619 1155 2697 XVI,
1173 2623 1221 2702 30,
1243 2641 1303 2682 κα-

163 2712 407 2805 τασχηματίζειν
435 2719 500 2802 ΧΙ,
523 2726 572 2797 24,
601 2712 786 2804 νοσηλεύειν
812 2717 912 2801 ΧΙΧ,
941 2723 992 2801 25,
1020 2711 1239 2796 §nareiacum
1260 2720 1301 2802 V,

170 2826 237 2904 122,
259 2813 553 2901 παρακατοικίζειν
566 2820 621 2899 VI,
638 2825 685 2902 28,
704 2811 991 2902 προαπαγορεύειν
1004 2818 1085 2902 XV,
1095 2825 1135 2885 59
1159 2823 1304 2901 (προαπ-

167 2921 262 2983 εῖπον
288 2920 346 3002 IV,
378 2926 445 3003 171,
475 2912 703 3004 προαπείρηκα
732 2941 780 3005 ep.
800 2919 826 2997 I,
850 2925 889 3000 1),
917 2911 1222 3002 προαποδεικνίναι
1243 2918 1303 3003 ΙΙΙ,

168 3027 216 3103 13,
232 3012 527 3097 προεπιδεικνιίναι
541 3018 598 3098 ΙΙΙ,
615 3025 662 3101 12,
686 3015 922 3102 προδυστυχεῖν
934 3017 991 3100 IV,
1013 3023 1079 3082 141.
1101 3018 1160 3101 VI,
1178 3022 1246 3084 164.
1260 3055 1304 3065 -

166 3119 292 3186 Solus
315 3117 452 3205 denique
479 3121 562 3183 inter
586 3117 730 3183 Graecos
759 3119 935 3202 scriptores
968 3117 1057 3181 hisce
1080 3117 1148 3182 fere
1168 3117 1298 3183 videtur

169 3220 196 3286 I.
217 3242 294 3284 usus
317 3240 388 3282 esse
409 3217 558 3283 vocibus:
580 3209 823 3302 εὖπροοηγορία
845 3227 877 3281 et
899 3213 1179 3302 φιλοπροσηγορία
1198 3217 1229 3301 Ι,
1251 3223 1301 3304 20,

237 3404 261 3471 1)
279 3403 340 3456 vide
358 3400 487 3456 Schneid.
504 3407 532 3454 et
548 3399 761 3455 Rauchenstein.
779 3400 815 3452 ad
831 3400 880 3453 hos
897 3400 980 3453 locos.

234 3488 260 3554 2)
279 3487 354 3558 quod
375 3484 509 3539 substant.
530 3485 623 3544 habet.
642 3483 769 3554 Aeschyl.
787 3482 816 3535 in
835 3482 907 3537 Plat.
924 3502 983 3558 rep.
1002 3485 1051 3538 383
1063 3482 1100 3550 Α,
1121 3483 1185 3539 Eur.
1205 3484 1301 3556 Suppl.

165 3577 224 3636 490,
242 3573 293 3628 Ion
305 3574 363 3624 678.
381 3568 521 3640 Aristoph.
540 3569 621 3637 Vosp.
637 3571 712 3632 1812,
729 3567 842 3621 Lucian.
861 3568 925 3621 dial.
943 3569 1016 3621 door.
1034 3567 1131 3632 XXII,
1151 3572 1173 3621 2
1187 3567 1302 3622 Aristot.

165 3663 235 3716 rhet.
252 3657 274 3723 I,
294 3660 309 3709 5
329 3646 478 3709 εὐτεκνίαν
498 3671 524 3705 κ.
542 3652 734 3706 πολυτεκνίαν
752 3651 859 3723 jungit,
882 3652 1084 3706 πολυπαιδίαν
1105 3653 1206 3724 legitur
1227 3654 1302 3724 apud

57 3732 60 3741 .
164 3741 296 3798 Phalarin
314 3737 404 3793 nescio
423 3754 477 3809 quo
496 3737 566 3790 loco.

233 3828 259 3894 3)
278 3825 353 3898 quod
370 3839 387 3876 a
404 3820 516 3894 tragicis
534 3820 618 3876 etiam
634 3820 716 3875 Plato
734 3821 842 3875 videtur
859 3820 956 3892 petiise
975 3821 1014 3889 (in
1031 3822 1138 3893 republ.
1157 3821 1241 3876 socies
1259 3830 1301 3875 cst

167 3909 306 3975 obvium).

232 3995 260 4062 4)
280 3993 407 4062 Aeschyl.
426 3989 522 4062 Suppl.
541 3993 598 4044 947.
616 3989 690 4043 Plat.
708 3989 789 4058 Eryx.
806 3992 855 4043 400
874 3988 907 4042 A.

279 4161 361 4233 Soph.
380 4160 452 4213 Phil.
471 4162 512 4213 76.

278 4245 416 4317 Aristoph.
435 4261 498 4315 oqq.
518 4246 589 4298 1283.

277 4329 402 4399 Aeschyl.
421 4328 518 4400 Agam.
539 4331 609 4383 1528.
