<?xml version="1.0" encoding="UTF-8"?>
<!DOCTYPE html PUBLIC "-//W3C//DTD XHTML 1.0 Transitional//EN"
    "http://www.w3.org/TR/xhtml1/DTD/xhtml1-transitional.dtd">
<html xmlns="http://www.w3.org/1999/xhtml" xml:lang="en" lang="en">
 <head>
  <title>
</title>
<meta http-equiv="Content-Type" content="text/html;charset=utf-8" />
  <meta name='ocr-system' content='tesseract 3.04.00' />
  <meta name='ocr-capabilities' content='ocr_page ocr_carea ocr_par ocr_line ocrx_word'/>
</head>
<body>
  <div class='ocr_page' id='page_1' title='image "./deelocutioneiso00gehlgoog_0027.png"; bbox 0 0 2946 4830; ppageno 0'>
   <div class='ocr_carea' id='block_1_1' title="bbox 742 276 802 362">
    <p class='ocr_par' dir='ltr' id='par_1_1' title="bbox 680 276 886 364">
     <span class='ocr_line' id='line_1_1' title="bbox 742 276 802 362; baseline 0.005 0.301"><span class='ocrx_word' id='word_1_1' title='bbox 742 276 802 362; x_wconf 56' lang='lat'><strong>„12</strong></span> 
     </span>
    </p>
   </div>
   <div class='ocr_carea' id='block_1_2' title="bbox 195 434 1355 3511">
    <p class='ocr_par' dir='ltr' id='par_1_2' title="bbox 195 434 1352 1719">
     <span class='ocr_line' id='line_1_2' title="bbox 301 434 1348 522; baseline 0.001 -24"><span class='ocrx_word' id='word_1_2' title='bbox 301 434 455 500; x_wconf 85' lang='lat' dir='ltr'><strong>Attamen</strong></span> <span class='ocrx_word' id='word_1_3' title='bbox 473 434 628 499; x_wconf 89' lang='lat' dir='ltr'><strong>Isocratis</strong></span> <span class='ocrx_word' id='word_1_4' title='bbox 649 437 681 499; x_wconf 94' lang='lat' dir='ltr'><strong>in</strong></span> <span class='ocrx_word' id='word_1_5' title='bbox 702 436 753 500; x_wconf 90' lang='lat' dir='ltr'><strong>his</strong></span> <span class='ocrx_word' id='word_1_6' title='bbox 773 436 955 501; x_wconf 81' lang='lat' dir='ltr'><strong>rhetoricae</strong></span> <span class='ocrx_word' id='word_1_7' title='bbox 970 436 1116 522; x_wconf 89' lang='lat' dir='ltr'><strong>partibus</strong></span> <span class='ocrx_word' id='word_1_8' title='bbox 1132 459 1197 500; x_wconf 93' lang='lat' dir='ltr'><strong>non</strong></span> <span class='ocrx_word' id='word_1_9' title='bbox 1211 436 1348 500; x_wconf 91' lang='lat' dir='ltr'><strong>infelicis</strong></span> 
     </span>
     <span class='ocr_line' id='line_1_3' title="bbox 220 534 1349 621; baseline 0.001 -22"><span class='ocrx_word' id='word_1_10' title='bbox 220 557 344 600; x_wconf 91' lang='lat' dir='ltr'><strong>summa</strong></span> <span class='ocrx_word' id='word_1_11' title='bbox 367 535 418 599; x_wconf 91' lang='lat' dir='ltr'><strong>vis</strong></span> <span class='ocrx_word' id='word_1_12' title='bbox 448 535 589 599; x_wconf 90' lang='lat' dir='ltr'><strong>cernitur</strong></span> <span class='ocrx_word' id='word_1_13' title='bbox 620 536 655 599; x_wconf 91' lang='lat' dir='ltr'><strong>in</strong></span> <span class='ocrx_word' id='word_1_14' title='bbox 683 534 873 602; x_wconf 84' lang='lat' dir='ltr'><strong>elocutione.</strong></span> <span class='ocrx_word' id='word_1_15' title='bbox 908 535 993 600; x_wconf 90' lang='lat' dir='ltr'><strong>Nam</strong></span> <span class='ocrx_word' id='word_1_16' title='bbox 1017 537 1139 621; x_wconf 90' lang='lat' dir='ltr'><strong>primus</strong></span> <span class='ocrx_word' id='word_1_17' title='bbox 1153 537 1175 615; x_wconf 83' lang='lat'><strong>1)</strong></span> <span class='ocrx_word' id='word_1_18' title='bbox 1208 537 1349 601; x_wconf 90' lang='lat' dir='ltr'><strong>omnium</strong></span> 
     </span>
     <span class='ocr_line' id='line_1_4' title="bbox 218 633 1349 722; baseline 0.002 -24"><span class='ocrx_word' id='word_1_19' title='bbox 218 635 345 719; x_wconf 87' lang='lat' dir='ltr'><strong>insigne</strong></span> <span class='ocrx_word' id='word_1_20' title='bbox 367 633 508 698; x_wconf 89' lang='lat' dir='ltr'><strong>studium</strong></span> <span class='ocrx_word' id='word_1_21' title='bbox 529 635 563 698; x_wconf 94' lang='lat' dir='ltr'><strong>in</strong></span> <span class='ocrx_word' id='word_1_22' title='bbox 586 635 816 721; x_wconf 82' lang='lat' dir='ltr'><strong>componendis</strong></span> <span class='ocrx_word' id='word_1_23' title='bbox 840 643 872 700; x_wconf 92' lang='lat' dir='ltr'><strong>et</strong></span> <span class='ocrx_word' id='word_1_24' title='bbox 893 634 1118 705; x_wconf 86' lang='lat' dir='ltr'><strong>continuandis</strong></span> <span class='ocrx_word' id='word_1_25' title='bbox 1137 658 1219 722; x_wconf 88' lang='lat' dir='ltr'><strong>quae</strong></span> <span class='ocrx_word' id='word_1_26' title='bbox 1237 635 1349 700; x_wconf 91' lang='lat' dir='ltr'><strong>orbern</strong></span> 
     </span>
     <span class='ocr_line' id='line_1_5' title="bbox 219 725 1349 821; baseline 0.001 -22"><span class='ocrx_word' id='word_1_27' title='bbox 219 735 371 799; x_wconf 88' lang='lat' dir='ltr'><strong>orationis</strong></span> <span class='ocrx_word' id='word_1_28' title='bbox 400 733 543 799; x_wconf 88' lang='lat' dir='ltr'><strong>efficiunt</strong></span> <span class='ocrx_word' id='word_1_29' title='bbox 564 734 708 821; x_wconf 85' lang='lat' dir='ltr'><strong>periodis</strong></span> <span class='ocrx_word' id='word_1_30' title='bbox 730 725 847 821; x_wconf 86' lang='lat' dir='ltr'><strong>posuit,</strong></span> <span class='ocrx_word' id='word_1_31' title='bbox 878 744 981 800; x_wconf 87' lang='lat' dir='ltr'><strong>certos</strong></span> <span class='ocrx_word' id='word_1_32' title='bbox 1003 734 1177 799; x_wconf 90' lang='lat' dir='ltr'><strong>verborum</strong></span> <span class='ocrx_word' id='word_1_33' title='bbox 1199 758 1349 800; x_wconf 88' lang='lat' dir='ltr'><strong>numeros</strong></span> 
     </span>
     <span class='ocr_line' id='line_1_6' title="bbox 219 833 1349 919; baseline 0.001 -21"><span class='ocrx_word' id='word_1_34' title='bbox 219 843 251 898; x_wconf 89' lang='lat' dir='ltr'><strong>et</strong></span> <span class='ocrx_word' id='word_1_35' title='bbox 272 833 491 898; x_wconf 88' lang='lat' dir='ltr'><strong>conclusiones</strong></span> <span class='ocrx_word' id='word_1_36' title='bbox 512 835 633 908; x_wconf 83' lang='lat' dir='ltr'><strong>statuit,</strong></span> <span class='ocrx_word' id='word_1_37' title='bbox 660 834 914 900; x_wconf 89' lang='lat' dir='ltr'><strong>mediocritatem</strong></span> <span class='ocrx_word' id='word_1_38' title='bbox 944 833 1106 919; x_wconf 88' lang='lat' dir='ltr'><strong>quandam</strong></span> <span class='ocrx_word' id='word_1_39' title='bbox 1136 837 1239 900; x_wconf 89' lang='lat' dir='ltr'><strong>tenuit</strong></span> <span class='ocrx_word' id='word_1_40' title='bbox 1265 836 1349 899; x_wconf 88' lang='lat' dir='ltr'><strong>inter</strong></span> 
     </span>
     <span class='ocr_line' id='line_1_7' title="bbox 220 932 1350 1021; baseline 0 -23"><span class='ocrx_word' id='word_1_41' title='bbox 220 933 422 1017; x_wconf 85' lang='lat' dir='ltr'><strong>Gorgianam</strong></span> <span class='ocrx_word' id='word_1_42' title='bbox 444 932 572 997; x_wconf 91' lang='lat' dir='ltr'><strong>dicendi</strong></span> <span class='ocrx_word' id='word_1_43' title='bbox 585 957 739 1021; x_wconf 89' lang='lat' dir='ltr'><strong>pompam</strong></span> <span class='ocrx_word' id='word_1_44' title='bbox 755 943 787 998; x_wconf 89' lang='lat' dir='ltr'><strong>et</strong></span> <span class='ocrx_word' id='word_1_45' title='bbox 801 934 977 1020; x_wconf 87' lang='lat' dir='ltr'><strong>Lysiacam</strong></span> <span class='ocrx_word' id='word_1_46' title='bbox 992 935 1189 1015; x_wconf 86' lang='lat' dir='ltr'><strong>tenuitatem,</strong></span> <span class='ocrx_word' id='word_1_47' title='bbox 1211 934 1350 1021; x_wconf 92' lang='lat' dir='ltr'><strong>denique</strong></span> 
     </span>
     <span class='ocr_line' id='line_1_8' title="bbox 219 1033 1352 1121; baseline 0.002 -24"><span class='ocrx_word' id='word_1_48' title='bbox 219 1033 390 1098; x_wconf 90' lang='lat' dir='ltr'><strong>elocutioni</strong></span> <span class='ocrx_word' id='word_1_49' title='bbox 414 1033 480 1118; x_wconf 89' lang='lat' dir='ltr'><strong>ipsi</strong></span> <span class='ocrx_word' id='word_1_50' title='bbox 509 1041 632 1098; x_wconf 87' lang='lat' dir='ltr'><strong>tantam</strong></span> <span class='ocrx_word' id='word_1_51' title='bbox 653 1033 768 1098; x_wconf 88' lang='lat' dir='ltr'><strong>tribuit</strong></span> <span class='ocrx_word' id='word_1_52' title='bbox 789 1056 931 1121; x_wconf 84' lang='lat' dir='ltr'><strong>operam,</strong></span> <span class='ocrx_word' id='word_1_53' title='bbox 954 1043 1108 1120; x_wconf 89' lang='lat' dir='ltr'><strong>quantam</strong></span> <span class='ocrx_word' id='word_1_54' title='bbox 1130 1056 1224 1098; x_wconf 93' lang='lat' dir='ltr'><strong>nemo</strong></span> <span class='ocrx_word' id='word_1_55' title='bbox 1246 1057 1352 1120; x_wconf 92' lang='lat' dir='ltr'><strong>neque</strong></span> 
     </span>
     <span class='ocr_line' id='line_1_9' title="bbox 219 1134 1352 1220; baseline 0.001 -23"><span class='ocrx_word' id='word_1_56' title='bbox 219 1155 330 1198; x_wconf 90' lang='lat' dir='ltr'><strong>corum</strong></span> <span class='ocrx_word' id='word_1_57' title='bbox 353 1134 407 1220; x_wconf 92' lang='lat' dir='ltr'><strong>qui</strong></span> <span class='ocrx_word' id='word_1_58' title='bbox 428 1142 503 1197; x_wconf 87' lang='lat' dir='ltr'><strong>ante</strong></span> <span class='ocrx_word' id='word_1_59' title='bbox 525 1155 595 1198; x_wconf 90' lang='lat' dir='ltr'><strong>eum</strong></span> <span class='ocrx_word' id='word_1_60' title='bbox 613 1135 775 1198; x_wconf 88' lang='lat' dir='ltr'><strong>orationes</strong></span> <span class='ocrx_word' id='word_1_61' title='bbox 794 1136 971 1218; x_wconf 90' lang='lat' dir='ltr'><strong>attigerunt</strong></span> <span class='ocrx_word' id='word_1_62' title='bbox 990 1155 1050 1198; x_wconf 91' lang='lat' dir='ltr'><strong>nec</strong></span> <span class='ocrx_word' id='word_1_63' title='bbox 1065 1135 1247 1220; x_wconf 91' lang='lat' dir='ltr'><strong>quicunque</strong></span> <span class='ocrx_word' id='word_1_64' title='bbox 1266 1135 1352 1198; x_wconf 93' lang='lat' dir='ltr'><strong>inter</strong></span> 
     </span>
     <span class='ocr_line' id='line_1_10' title="bbox 218 1231 1352 1319; baseline -0.001 -22"><span class='ocrx_word' id='word_1_65' title='bbox 218 1242 365 1319; x_wconf 92' lang='lat' dir='ltr'><strong>posteros</strong></span> <span class='ocrx_word' id='word_1_66' title='bbox 381 1232 518 1297; x_wconf 92' lang='lat' dir='ltr'><strong>dicendo</strong></span> <span class='ocrx_word' id='word_1_67' title='bbox 539 1232 725 1297; x_wconf 90' lang='lat' dir='ltr'><strong>floruerunt.</strong></span> <span class='ocrx_word' id='word_1_68' title='bbox 759 1232 824 1313; x_wconf 77' lang='lat' dir='ltr'><strong>Qui</strong></span> <span class='ocrx_word' id='word_1_69' title='bbox 846 1235 993 1319; x_wconf 89' lang='lat' dir='ltr'><strong>quamvis</strong></span> <span class='ocrx_word' id='word_1_70' title='bbox 1015 1231 1056 1297; x_wconf 86' lang='lat' dir='ltr'><strong>ab</strong></span> <span class='ocrx_word' id='word_1_71' title='bbox 1079 1234 1166 1297; x_wconf 92' lang='lat' dir='ltr'><strong>omni</strong></span> <span class='ocrx_word' id='word_1_72' title='bbox 1187 1233 1266 1296; x_wconf 90' lang='lat' dir='ltr'><strong>vitio</strong></span> <span class='ocrx_word' id='word_1_73' title='bbox 1280 1234 1352 1318; x_wconf 90' lang='lat' dir='ltr'><strong>ipse</strong></span> 
     </span>
     <span class='ocr_line' id='line_1_11' title="bbox 217 1330 1351 1418; baseline 0.001 -24"><span class='ocrx_word' id='word_1_74' title='bbox 217 1354 421 1417; x_wconf 87' lang='lat' dir='ltr'><strong>nequaquam</strong></span> <span class='ocrx_word' id='word_1_75' title='bbox 435 1341 578 1397; x_wconf 90' lang='lat' dir='ltr'><strong>remotus</strong></span> <span class='ocrx_word' id='word_1_76' title='bbox 595 1355 660 1396; x_wconf 95' lang='lat' dir='ltr'><strong>non</strong></span> <span class='ocrx_word' id='word_1_77' title='bbox 673 1332 767 1398; x_wconf 93' lang='lat' dir='ltr'><strong>modo</strong></span> <span class='ocrx_word' id='word_1_78' title='bbox 783 1332 996 1397; x_wconf 88' lang='lat' dir='ltr'><strong>Demostheni</strong></span> <span class='ocrx_word' id='word_1_79' title='bbox 1011 1332 1155 1418; x_wconf 86' lang='lat' dir='ltr'><strong>perfecto</strong></span> <span class='ocrx_word' id='word_1_80' title='bbox 1172 1330 1221 1395; x_wconf 93' lang='lat' dir='ltr'><strong>illi</strong></span> <span class='ocrx_word' id='word_1_81' title='bbox 1235 1331 1351 1396; x_wconf 89' lang='lat' dir='ltr'><strong>orandi</strong></span> 
     </span>
     <span class='ocr_line' id='line_1_12' title="bbox 219 1431 1350 1519; baseline -0.001 -23"><span class='ocrx_word' id='word_1_82' title='bbox 219 1433 337 1496; x_wconf 88' lang='lat' dir='ltr'><strong>artifici</strong></span> <span class='ocrx_word' id='word_1_83' title='bbox 357 1433 446 1496; x_wconf 89' lang='lat' dir='ltr'><strong>viam</strong></span> <span class='ocrx_word' id='word_1_84' title='bbox 468 1431 670 1518; x_wconf 88' lang='lat' dir='ltr'><strong>eloquentiae</strong></span> <span class='ocrx_word' id='word_1_85' title='bbox 692 1433 734 1497; x_wconf 87' lang='lat' dir='ltr'><strong>ad</strong></span> <span class='ocrx_word' id='word_1_86' title='bbox 756 1456 916 1497; x_wconf 91' lang='lat' dir='ltr'><strong>summum</strong></span> <span class='ocrx_word' id='word_1_87' title='bbox 937 1431 1163 1519; x_wconf 89' lang='lat' dir='ltr'><strong>perducendae</strong></span> <span class='ocrx_word' id='word_1_88' title='bbox 1185 1433 1350 1517; x_wconf 87' lang='lat' dir='ltr'><strong>fastigium</strong></span> 
     </span>
     <span class='ocr_line' id='line_1_13' title="bbox 218 1523 1352 1619; baseline 0.002 -25"><span class='ocrx_word' id='word_1_89' title='bbox 218 1523 381 1613; x_wconf 83' lang='lat' dir='ltr'><strong>muniisse,</strong></span> <span class='ocrx_word' id='word_1_90' title='bbox 404 1531 462 1596; x_wconf 90' lang='lat' dir='ltr'><strong>sed</strong></span> <span class='ocrx_word' id='word_1_91' title='bbox 482 1531 615 1616; x_wconf 91' lang='lat' dir='ltr'><strong>reliquis</strong></span> <span class='ocrx_word' id='word_1_92' title='bbox 638 1531 785 1597; x_wconf 90' lang='lat' dir='ltr'><strong>omnibus</strong></span> <span class='ocrx_word' id='word_1_93' title='bbox 810 1531 940 1596; x_wconf 90' lang='lat' dir='ltr'><strong>dicendi</strong></span> <span class='ocrx_word' id='word_1_94' title='bbox 955 1553 1102 1597; x_wconf 91' lang='lat' dir='ltr'><strong>normam</strong></span> <span class='ocrx_word' id='word_1_95' title='bbox 1118 1555 1157 1596; x_wconf 91' lang='lat' dir='ltr'><strong>ac</strong></span> <span class='ocrx_word' id='word_1_96' title='bbox 1174 1543 1352 1619; x_wconf 89' lang='lat' dir='ltr'><strong>praecepta</strong></span> 
     </span>
     <span class='ocr_line' id='line_1_14' title="bbox 195 1631 1053 1719; baseline -0.001 -23"><span class='ocrx_word' id='word_1_97' title='bbox 195 1691 198 1696; x_wconf 88' lang='lat'><strong>.</strong></span> <span class='ocrx_word' id='word_1_98' title='bbox 222 1631 352 1696; x_wconf 88' lang='lat' dir='ltr'><strong>dedisse</strong></span> <span class='ocrx_word' id='word_1_99' title='bbox 375 1632 452 1716; x_wconf 90' lang='lat' dir='ltr'><strong>quin</strong></span> <span class='ocrx_word' id='word_1_100' title='bbox 469 1633 544 1719; x_wconf 93' lang='lat' dir='ltr'><strong>jure</strong></span> <span class='ocrx_word' id='word_1_101' title='bbox 566 1631 715 1696; x_wconf 90' lang='lat' dir='ltr'><strong>videatur</strong></span> <span class='ocrx_word' id='word_1_102' title='bbox 726 1632 750 1711; x_wconf 80' lang='grc'><strong>2)</strong></span> <span class='ocrx_word' id='word_1_103' title='bbox 770 1655 835 1697; x_wconf 88' lang='lat' dir='ltr'><strong>non</strong></span> <span class='ocrx_word' id='word_1_104' title='bbox 857 1631 1053 1696; x_wconf 88' lang='lat' dir='ltr'><strong>dubitamus.</strong></span> 
     </span>
    </p>

    <p class='ocr_par' dir='ltr' id='par_1_3' title="bbox 217 1731 1355 2911">
     <span class='ocr_line' id='line_1_15' title="bbox 300 1731 1351 1821; baseline 0 -26"><span class='ocrx_word' id='word_1_105' title='bbox 300 1731 353 1795; x_wconf 84' lang='lat' dir='ltr'><strong>En</strong></span> <span class='ocrx_word' id='word_1_106' title='bbox 367 1731 468 1796; x_wconf 85' lang='lat' dir='ltr'><strong>habes</strong></span> <span class='ocrx_word' id='word_1_107' title='bbox 484 1734 627 1818; x_wconf 90' lang='lat' dir='ltr'><strong>speciem</strong></span> <span class='ocrx_word' id='word_1_108' title='bbox 639 1733 712 1810; x_wconf 87' lang='lat' dir='ltr'><strong>viri,</strong></span> <span class='ocrx_word' id='word_1_109' title='bbox 728 1731 925 1821; x_wconf 68' lang='lat' dir='ltr'><strong>cui,Atticae</strong></span> <span class='ocrx_word' id='word_1_110' title='bbox 942 1732 1064 1796; x_wconf 83' lang='lat' dir='ltr'><strong>Sirenis</strong></span> <span class='ocrx_word' id='word_1_111' title='bbox 1078 1754 1196 1796; x_wconf 89' lang='lat' dir='ltr'><strong>nornen</strong></span> <span class='ocrx_word' id='word_1_112' title='bbox 1211 1731 1351 1796; x_wconf 91' lang='lat' dir='ltr'><strong>oblecta-</strong></span> 
     </span>
     <span class='ocr_line' id='line_1_16' title="bbox 217 1830 1353 1918; baseline 0.001 -24"><span class='ocrx_word' id='word_1_113' title='bbox 217 1839 399 1895; x_wconf 89' lang='lat' dir='ltr'><strong>mentorum</strong></span> <span class='ocrx_word' id='word_1_114' title='bbox 428 1853 527 1896; x_wconf 91' lang='lat' dir='ltr'><strong>causa</strong></span> <span class='ocrx_word' id='word_1_115' title='bbox 560 1854 642 1915; x_wconf 89' lang='lat' dir='ltr'><strong>quae</strong></span> <span class='ocrx_word' id='word_1_116' title='bbox 670 1832 807 1918; x_wconf 90' lang='lat' dir='ltr'><strong>praebet</strong></span> <span class='ocrx_word' id='word_1_117' title='bbox 834 1830 966 1896; x_wconf 90' lang='lat' dir='ltr'><strong>auribus</strong></span> <span class='ocrx_word' id='word_1_118' title='bbox 993 1854 1057 1896; x_wconf 94' lang='lat' dir='ltr'><strong>non</strong></span> <span class='ocrx_word' id='word_1_119' title='bbox 1078 1830 1163 1896; x_wconf 89' lang='lat' dir='ltr'><strong>male</strong></span> <span class='ocrx_word' id='word_1_120' title='bbox 1185 1831 1353 1916; x_wconf 89' lang='lat' dir='ltr'><strong>dederunt,</strong></span> 
     </span>
     <span class='ocr_line' id='line_1_17' title="bbox 218 1930 1354 2013; baseline 0.002 -19"><span class='ocrx_word' id='word_1_121' title='bbox 218 1930 366 1995; x_wconf 88' lang='lat' dir='ltr'><strong>bifrontis</strong></span> <span class='ocrx_word' id='word_1_122' title='bbox 389 1930 474 1996; x_wconf 89' lang='lat' dir='ltr'><strong>illius</strong></span> <span class='ocrx_word' id='word_1_123' title='bbox 506 1941 537 1996; x_wconf 91' lang='lat' dir='ltr'><strong>et</strong></span> <span class='ocrx_word' id='word_1_124' title='bbox 564 1933 598 1997; x_wconf 93' lang='lat' dir='ltr'><strong>in</strong></span> <span class='ocrx_word' id='word_1_125' title='bbox 620 1933 791 1996; x_wconf 87' lang='lat' dir='ltr'><strong>contraria</strong></span> <span class='ocrx_word' id='word_1_126' title='bbox 812 1931 888 2013; x_wconf 89' lang='lat' dir='ltr'><strong>fere,</strong></span> <span class='ocrx_word' id='word_1_127' title='bbox 912 1931 1019 2011; x_wconf 89' lang='lat' dir='ltr'><strong>credo,</strong></span> <span class='ocrx_word' id='word_1_128' title='bbox 1047 1931 1203 1996; x_wconf 89' lang='lat' dir='ltr'><strong>abeuntis.</strong></span> <span class='ocrx_word' id='word_1_129' title='bbox 1247 1930 1311 2011; x_wconf 77' lang='lat' dir='ltr'><strong>Qui</strong></span> <span class='ocrx_word' id='word_1_130' title='bbox 1334 1955 1354 1996; x_wconf 91' lang='lat' dir='ltr'><strong>a</strong></span> 
     </span>
     <span class='ocr_line' id='line_1_18' title="bbox 218 2030 1353 2117; baseline 0.002 -23"><span class='ocrx_word' id='word_1_131' title='bbox 218 2039 336 2095; x_wconf 90' lang='lat' dir='ltr'><strong>natura</strong></span> <span class='ocrx_word' id='word_1_132' title='bbox 364 2030 543 2117; x_wconf 88' lang='lat' dir='ltr'><strong>splendidis</strong></span> <span class='ocrx_word' id='word_1_133' title='bbox 576 2040 607 2095; x_wconf 90' lang='lat' dir='ltr'><strong>et</strong></span> <span class='ocrx_word' id='word_1_134' title='bbox 639 2032 787 2117; x_wconf 88' lang='lat' dir='ltr'><strong>corporis</strong></span> <span class='ocrx_word' id='word_1_135' title='bbox 809 2040 853 2094; x_wconf 77' lang='lat' dir='ltr'><strong>‘et</strong></span> <span class='ocrx_word' id='word_1_136' title='bbox 888 2031 988 2094; x_wconf 89' lang='lat' dir='ltr'><strong>animi</strong></span> <span class='ocrx_word' id='word_1_137' title='bbox 1017 2030 1146 2095; x_wconf 91' lang='lat' dir='ltr'><strong>dotibus</strong></span> <span class='ocrx_word' id='word_1_138' title='bbox 1176 2045 1353 2096; x_wconf 88' lang='lat' dir='ltr'><strong>exornatus</strong></span> 
     </span>
     <span class='ocr_line' id='line_1_19' title="bbox 220 2129 1353 2216; baseline 0 -22"><span class='ocrx_word' id='word_1_139' title='bbox 220 2133 307 2195; x_wconf 89' lang='lat' dir='ltr'><strong>intra</strong></span> <span class='ocrx_word' id='word_1_140' title='bbox 330 2141 501 2215; x_wconf 89' lang='lat' dir='ltr'><strong>angustum</strong></span> <span class='ocrx_word' id='word_1_141' title='bbox 525 2129 654 2195; x_wconf 86' lang='lat' dir='ltr'><strong>scholae</strong></span> <span class='ocrx_word' id='word_1_142' title='bbox 685 2133 826 2216; x_wconf 91' lang='lat' dir='ltr'><strong>spatium</strong></span> <span class='ocrx_word' id='word_1_143' title='bbox 854 2129 1055 2216; x_wconf 87' lang='lat' dir='ltr'><strong>eloquentiae</strong></span> <span class='ocrx_word' id='word_1_144' title='bbox 1074 2132 1142 2193; x_wconf 88' lang='lat' dir='ltr'><strong>vim</strong></span> <span class='ocrx_word' id='word_1_145' title='bbox 1164 2132 1353 2216; x_wconf 85' lang='lat' dir='ltr'><strong>expromsit,</strong></span> 
     </span>
     <span class='ocr_line' id='line_1_20' title="bbox 221 2229 1349 2316; baseline 0 -22"><span class='ocrx_word' id='word_1_146' title='bbox 221 2230 437 2316; x_wconf 87' lang='lat' dir='ltr'><strong>sophistarum</strong></span> <span class='ocrx_word' id='word_1_147' title='bbox 460 2230 590 2316; x_wconf 90' lang='lat' dir='ltr'><strong>quidem</strong></span> <span class='ocrx_word' id='word_1_148' title='bbox 612 2229 778 2294; x_wconf 90' lang='lat' dir='ltr'><strong>doctrinae</strong></span> <span class='ocrx_word' id='word_1_149' title='bbox 800 2230 942 2294; x_wconf 91' lang='lat' dir='ltr'><strong>omnium</strong></span> <span class='ocrx_word' id='word_1_150' title='bbox 964 2230 1139 2294; x_wconf 87' lang='lat' dir='ltr'><strong>acerrimus</strong></span> <span class='ocrx_word' id='word_1_151' title='bbox 1159 2233 1349 2315; x_wconf 85' lang='lat' dir='ltr'><strong>exagitator,</strong></span> 
     </span>
     <span class='ocr_line' id='line_1_21' title="bbox 219 2328 1349 2411; baseline 0 -19"><span class='ocrx_word' id='word_1_152' title='bbox 219 2331 307 2394; x_wconf 92' lang='lat' dir='ltr'><strong>vitiis</strong></span> <span class='ocrx_word' id='word_1_153' title='bbox 316 2331 340 2408; x_wconf 79' lang='lat'><strong>³)</strong></span> <span class='ocrx_word' id='word_1_154' title='bbox 370 2340 478 2393; x_wconf 90' lang='lat' dir='ltr'><strong>tamen</strong></span> <span class='ocrx_word' id='word_1_155' title='bbox 508 2351 572 2394; x_wconf 93' lang='lat' dir='ltr'><strong>non</strong></span> <span class='ocrx_word' id='word_1_156' title='bbox 607 2331 765 2411; x_wconf 91' lang='lat' dir='ltr'><strong>intactus,</strong></span> <span class='ocrx_word' id='word_1_157' title='bbox 798 2328 956 2409; x_wconf 89' lang='lat' dir='ltr'><strong>laudator,</strong></span> <span class='ocrx_word' id='word_1_158' title='bbox 990 2331 1016 2393; x_wconf 89' lang='lat' dir='ltr'><strong>si</strong></span> <span class='ocrx_word' id='word_1_159' title='bbox 1045 2328 1175 2392; x_wconf 90' lang='lat' dir='ltr'><strong>Horatii</strong></span> <span class='ocrx_word' id='word_1_160' title='bbox 1205 2328 1281 2393; x_wconf 88' lang='lat' dir='ltr'><strong>licet</strong></span> <span class='ocrx_word' id='word_1_161' title='bbox 1305 2329 1349 2393; x_wconf 92' lang='lat' dir='ltr'><strong>uti</strong></span> 
     </span>
     <span class='ocr_line' id='line_1_22' title="bbox 219 2427 1351 2515; baseline -0.002 -21"><span class='ocrx_word' id='word_1_162' title='bbox 219 2428 338 2508; x_wconf 74' lang='lat' dir='ltr'><strong>verbiS,</strong></span> <span class='ocrx_word' id='word_1_163' title='bbox 368 2431 523 2515; x_wconf 90' lang='lat' dir='ltr'><strong>temporis</strong></span> <span class='ocrx_word' id='word_1_164' title='bbox 545 2430 619 2511; x_wconf 91' lang='lat' dir='ltr'><strong>acti,</strong></span> <span class='ocrx_word' id='word_1_165' title='bbox 650 2437 822 2515; x_wconf 87' lang='lat' dir='ltr'><strong>corruptae</strong></span> <span class='ocrx_word' id='word_1_166' title='bbox 843 2451 921 2493; x_wconf 86' lang='lat' dir='ltr'><strong>vero</strong></span> <span class='ocrx_word' id='word_1_167' title='bbox 943 2450 1120 2514; x_wconf 83' lang='lat' dir='ltr'><strong>quaecum</strong></span> <span class='ocrx_word' id='word_1_168' title='bbox 1142 2427 1215 2492; x_wconf 93' lang='lat' dir='ltr'><strong>tulit</strong></span> <span class='ocrx_word' id='word_1_169' title='bbox 1237 2429 1351 2493; x_wconf 88' lang='lat' dir='ltr'><strong>aetatis</strong></span> 
     </span>
     <span class='ocr_line' id='line_1_23' title="bbox 220 2524 1353 2616; baseline -0.001 -24"><span class='ocrx_word' id='word_1_170' title='bbox 220 2551 328 2592; x_wconf 89' lang='lat' dir='ltr'><strong>merus</strong></span> <span class='ocrx_word' id='word_1_171' title='bbox 351 2526 509 2610; x_wconf 88' lang='lat' dir='ltr'><strong>alumnus,</strong></span> <span class='ocrx_word' id='word_1_172' title='bbox 540 2551 634 2614; x_wconf 89' lang='lat' dir='ltr'><strong>quem</strong></span> <span class='ocrx_word' id='word_1_173' title='bbox 657 2528 712 2592; x_wconf 93' lang='lat' dir='ltr'><strong>alii</strong></span> <span class='ocrx_word' id='word_1_174' title='bbox 736 2524 884 2593; x_wconf 87' lang='lat' dir='ltr'><strong>omnibus</strong></span> <span class='ocrx_word' id='word_1_175' title='bbox 904 2527 1094 2616; x_wconf 86' lang='lat' dir='ltr'><strong>sustulerint</strong></span> <span class='ocrx_word' id='word_1_176' title='bbox 1114 2526 1276 2609; x_wconf 89' lang='lat' dir='ltr'><strong>laudibus,</strong></span> <span class='ocrx_word' id='word_1_177' title='bbox 1298 2526 1353 2591; x_wconf 92' lang='lat' dir='ltr'><strong>alii</strong></span> 
     </span>
     <span class='ocr_line' id='line_1_24' title="bbox 220 2627 1355 2714; baseline -0.003 -21"><span class='ocrx_word' id='word_1_178' title='bbox 220 2628 426 2693; x_wconf 88' lang='lat' dir='ltr'><strong>vehomenter</strong></span> <span class='ocrx_word' id='word_1_179' title='bbox 447 2627 686 2714; x_wconf 87' lang='lat' dir='ltr'><strong>reprehendant</strong></span> <span class='ocrx_word' id='word_1_180' title='bbox 714 2629 872 2714; x_wconf 89' lang='lat' dir='ltr'><strong>parvique</strong></span> <span class='ocrx_word' id='word_1_181' title='bbox 901 2628 1080 2707; x_wconf 90' lang='lat' dir='ltr'><strong>aestiment,</strong></span> <span class='ocrx_word' id='word_1_182' title='bbox 1102 2638 1187 2691; x_wconf 88' lang='lat' dir='ltr'><strong>certe</strong></span> <span class='ocrx_word' id='word_1_183' title='bbox 1209 2627 1355 2713; x_wconf 86' lang='lat' dir='ltr'><strong>plerique</strong></span> 
     </span>
     <span class='ocr_line' id='line_1_25' title="bbox 221 2727 1355 2813; baseline -0.002 -21"><span class='ocrx_word' id='word_1_184' title='bbox 221 2727 398 2793; x_wconf 90' lang='lat' dir='ltr'><strong>subtilioris</strong></span> <span class='ocrx_word' id='word_1_185' title='bbox 421 2736 517 2812; x_wconf 89' lang='lat' dir='ltr'><strong>atque</strong></span> <span class='ocrx_word' id='word_1_186' title='bbox 536 2727 745 2812; x_wconf 88' lang='lat' dir='ltr'><strong>elegantioris</strong></span> <span class='ocrx_word' id='word_1_187' title='bbox 761 2727 949 2792; x_wconf 89' lang='lat' dir='ltr'><strong>elocutionis</strong></span> <span class='ocrx_word' id='word_1_188' title='bbox 964 2728 1176 2813; x_wconf 87' lang='lat' dir='ltr'><strong>praecipuum</strong></span> <span class='ocrx_word' id='word_1_189' title='bbox 1191 2735 1355 2791; x_wconf 89' lang='lat' dir='ltr'><strong>auctorem</strong></span> 
     </span>
     <span class='ocr_line' id='line_1_26' title="bbox 221 2828 729 2911; baseline -0.004 -19"><span class='ocrx_word' id='word_1_190' title='bbox 221 2850 260 2892; x_wconf 88' lang='lat' dir='ltr'><strong>ac</strong></span> <span class='ocrx_word' id='word_1_191' title='bbox 280 2828 486 2892; x_wconf 89' lang='lat' dir='ltr'><strong>formatorem</strong></span> <span class='ocrx_word' id='word_1_192' title='bbox 509 2836 695 2911; x_wconf 88' lang='lat' dir='ltr'><strong>agnoscant.</strong></span> <span class='ocrx_word' id='word_1_193' title='bbox 705 2828 729 2902; x_wconf 73' lang='lat'><strong>¹¹)</strong></span> 
     </span>
    </p>

    <p class='ocr_par' dir='ltr' id='par_1_4' title="bbox 220 2925 1355 3511">
     <span class='ocr_line' id='line_1_27' title="bbox 304 2925 1355 3013; baseline -0.001 -23"><span class='ocrx_word' id='word_1_194' title='bbox 304 2926 396 3006; x_wconf 74' lang='lat' dir='ltr'><strong>Quae</strong></span> <span class='ocrx_word' id='word_1_195' title='bbox 423 2949 495 2990; x_wconf 88' lang='lat' dir='ltr'><strong>eum</strong></span> <span class='ocrx_word' id='word_1_196' title='bbox 522 2928 569 2990; x_wconf 91' lang='lat' dir='ltr'><strong>ita</strong></span> <span class='ocrx_word' id='word_1_197' title='bbox 600 2928 673 3008; x_wconf 94' lang='lat' dir='ltr'><strong>sint,</strong></span> <span class='ocrx_word' id='word_1_198' title='bbox 702 2926 737 2990; x_wconf 95' lang='lat' dir='ltr'><strong>id</strong></span> <span class='ocrx_word' id='word_1_199' title='bbox 761 2927 902 2991; x_wconf 88' lang='lat' dir='ltr'><strong>maxime</strong></span> <span class='ocrx_word' id='word_1_200' title='bbox 931 2925 1025 2991; x_wconf 91' lang='lat' dir='ltr'><strong>nobis</strong></span> <span class='ocrx_word' id='word_1_201' title='bbox 1054 2927 1292 3013; x_wconf 87' lang='lat' dir='ltr'><strong>proposuimus,</strong></span> <span class='ocrx_word' id='word_1_202' title='bbox 1320 2936 1355 2989; x_wconf 90' lang='lat' dir='ltr'><strong>ut</strong></span> 
     </span>
     <span class='ocr_line' id='line_1_28' title="bbox 220 3027 1352 3113; baseline 0 -23"><span class='ocrx_word' id='word_1_203' title='bbox 220 3028 326 3113; x_wconf 89' lang='lat' dir='ltr'><strong>ipsam</strong></span> <span class='ocrx_word' id='word_1_204' title='bbox 360 3027 570 3091; x_wconf 89' lang='lat' dir='ltr'><strong>elocutionem</strong></span> <span class='ocrx_word' id='word_1_205' title='bbox 604 3027 816 3108; x_wconf 90' lang='lat' dir='ltr'><strong>Isocrateam,</strong></span> <span class='ocrx_word' id='word_1_206' title='bbox 852 3027 943 3112; x_wconf 86' lang='lat' dir='ltr'><strong>cujus</strong></span> <span class='ocrx_word' id='word_1_207' title='bbox 970 3034 1061 3090; x_wconf 89' lang='lat' dir='ltr'><strong>tanta</strong></span> <span class='ocrx_word' id='word_1_208' title='bbox 1088 3036 1138 3090; x_wconf 91' lang='lat' dir='ltr'><strong>est</strong></span> <span class='ocrx_word' id='word_1_209' title='bbox 1164 3027 1352 3100; x_wconf 87' lang='lat' dir='ltr'><strong>auctoritas,</strong></span> 
     </span>
     <span class='ocr_line' id='line_1_29' title="bbox 221 3125 1355 3212; baseline -0.002 -22"><span class='ocrx_word' id='word_1_210' title='bbox 221 3125 406 3191; x_wconf 90' lang='lat' dir='ltr'><strong>describere</strong></span> <span class='ocrx_word' id='word_1_211' title='bbox 441 3135 537 3212; x_wconf 88' lang='lat' dir='ltr'><strong>atquo</strong></span> <span class='ocrx_word' id='word_1_212' title='bbox 571 3127 759 3190; x_wconf 89' lang='lat' dir='ltr'><strong>examinare</strong></span> <span class='ocrx_word' id='word_1_213' title='bbox 792 3147 985 3190; x_wconf 89' lang='lat' dir='ltr'><strong>conaremur</strong></span> <span class='ocrx_word' id='word_1_214' title='bbox 1021 3135 1187 3212; x_wconf 89' lang='lat' dir='ltr'><strong>sperantes</strong></span> <span class='ocrx_word' id='word_1_215' title='bbox 1220 3125 1289 3189; x_wconf 91' lang='lat' dir='ltr'><strong>fore</strong></span> <span class='ocrx_word' id='word_1_216' title='bbox 1319 3135 1355 3189; x_wconf 93' lang='lat' dir='ltr'><strong>ut</strong></span> 
     </span>
     <span class='ocr_line' id='line_1_30' title="bbox 221 3224 1354 3315; baseline -0.001 -26"><span class='ocrx_word' id='word_1_217' title='bbox 221 3235 340 3313; x_wconf 92' lang='lat' dir='ltr'><strong>quanto</strong></span> <span class='ocrx_word' id='word_1_218' title='bbox 363 3224 417 3290; x_wconf 93' lang='lat' dir='ltr'><strong>ille</strong></span> <span class='ocrx_word' id='word_1_219' title='bbox 432 3227 507 3312; x_wconf 89' lang='lat' dir='ltr'><strong>jure</strong></span> <span class='ocrx_word' id='word_1_220' title='bbox 528 3227 562 3289; x_wconf 92' lang='lat' dir='ltr'><strong>in</strong></span> <span class='ocrx_word' id='word_1_221' title='bbox 583 3226 787 3312; x_wconf 89' lang='lat' dir='ltr'><strong>praeclarum</strong></span> <span class='ocrx_word' id='word_1_222' title='bbox 803 3226 979 3290; x_wconf 88' lang='lat' dir='ltr'><strong>referretur</strong></span> <span class='ocrx_word' id='word_1_223' title='bbox 996 3248 1164 3289; x_wconf 86' lang='lat' dir='ltr'><strong>numerum</strong></span> <span class='ocrx_word' id='word_1_224' title='bbox 1182 3224 1354 3315; x_wconf 87' lang='lat' dir='ltr'><strong>illustrium</strong></span> 
     </span>
     <span class='ocr_line' id='line_1_31' title="bbox 220 3324 1355 3411; baseline -0.003 -21"><span class='ocrx_word' id='word_1_225' title='bbox 220 3328 380 3399; x_wconf 82' lang='lat' dir='ltr'><strong>virorum,</strong></span> <span class='ocrx_word' id='word_1_226' title='bbox 417 3324 534 3411; x_wconf 90' lang='lat' dir='ltr'><strong>quibus</strong></span> <span class='ocrx_word' id='word_1_227' title='bbox 567 3324 695 3389; x_wconf 89' lang='lat' dir='ltr'><strong>Atticae</strong></span> <span class='ocrx_word' id='word_1_228' title='bbox 726 3324 928 3411; x_wconf 89' lang='lat' dir='ltr'><strong>eloquentiae</strong></span> <span class='ocrx_word' id='word_1_229' title='bbox 956 3327 1134 3407; x_wconf 88' lang='lat' dir='ltr'><strong>nascentis,</strong></span> <span class='ocrx_word' id='word_1_230' title='bbox 1170 3324 1355 3406; x_wconf 89' lang='lat' dir='ltr'><strong>crescentis,</strong></span> 
     </span>
     <span class='ocr_line' id='line_1_32' title="bbox 221 3423 1185 3511; baseline 0.001 -23"><span class='ocrx_word' id='word_1_231' title='bbox 221 3425 350 3489; x_wconf 90' lang='lat' dir='ltr'><strong>adultae</strong></span> <span class='ocrx_word' id='word_1_232' title='bbox 372 3424 506 3488; x_wconf 89' lang='lat' dir='ltr'><strong>historia</strong></span> <span class='ocrx_word' id='word_1_233' title='bbox 527 3426 652 3501; x_wconf 72' lang='lat' dir='ltr'><strong>niteret,</strong></span> <span class='ocrx_word' id='word_1_234' title='bbox 673 3423 865 3488; x_wconf 91' lang='lat' dir='ltr'><strong>luculentius</strong></span> <span class='ocrx_word' id='word_1_235' title='bbox 884 3426 981 3488; x_wconf 88' lang='lat' dir='ltr'><strong>etiam</strong></span> <span class='ocrx_word' id='word_1_236' title='bbox 1004 3433 1185 3511; x_wconf 88' lang='lat' dir='ltr'><strong>appareret.</strong></span> 
     </span>
    </p>
   </div>
   <div class='ocr_carea' id='block_1_3' title="bbox 220 3656 1357 3897">
    <p class='ocr_par' dir='ltr' id='par_1_5' title="bbox 220 3656 1357 3897">
     <span class='ocr_line' id='line_1_33' title="bbox 290 3656 1357 3728; baseline -0.003 -14"><span class='ocrx_word' id='word_1_237' title='bbox 290 3664 314 3728; x_wconf 89' lang='lat' dir='ltr'><strong>l)</strong></span> <span class='ocrx_word' id='word_1_238' title='bbox 334 3659 390 3713; x_wconf 84' lang='lat' dir='ltr'><strong>Cic.</strong></span> <span class='ocrx_word' id='word_1_239' title='bbox 403 3662 523 3720; x_wconf 72' lang='lat' dir='ltr'><strong>orat.‘13‚</strong></span> <span class='ocrx_word' id='word_1_240' title='bbox 543 3661 598 3710; x_wconf 70' lang='lat' dir='ltr'><strong>io:</strong></span> <span class='ocrx_word' id='word_1_241' title='bbox 617 3656 686 3711; x_wconf 84' lang='lat' dir='ltr'><strong>Cum</strong></span> <span class='ocrx_word' id='word_1_242' title='bbox 699 3657 822 3710; x_wconf 89' lang='lat' dir='ltr'><strong>concisus</strong></span> <span class='ocrx_word' id='word_1_243' title='bbox 835 3657 860 3711; x_wconf 87' lang='lat' dir='ltr'><strong>ei</strong></span> <span class='ocrx_word' id='word_1_244' title='bbox 870 3657 1089 3727; x_wconf 85' lang='lat' dir='ltr'><strong>Thrasymachus</strong></span> <span class='ocrx_word' id='word_1_245' title='bbox 1107 3658 1219 3711; x_wconf 89' lang='lat' dir='ltr'><strong>minutis</strong></span> <span class='ocrx_word' id='word_1_246' title='bbox 1237 3659 1357 3712; x_wconf 88' lang='lat' dir='ltr'><strong>numeris</strong></span> 
     </span>
     <span class='ocr_line' id='line_1_34' title="bbox 220 3742 1356 3813; baseline -0.004 -14"><span class='ocrx_word' id='word_1_247' title='bbox 220 3746 359 3799; x_wconf 87' lang='lat' dir='ltr'><strong>videretur</strong></span> <span class='ocrx_word' id='word_1_248' title='bbox 379 3752 407 3796; x_wconf 89' lang='lat' dir='ltr'><strong>et</strong></span> <span class='ocrx_word' id='word_1_249' title='bbox 427 3742 552 3812; x_wconf 82' lang='lat' dir='ltr'><strong>Gorgias,</strong></span> <span class='ocrx_word' id='word_1_250' title='bbox 570 3742 617 3813; x_wconf 92' lang='lat' dir='ltr'><strong>qui</strong></span> <span class='ocrx_word' id='word_1_251' title='bbox 635 3748 728 3794; x_wconf 88' lang='lat' dir='ltr'><strong>tamen</strong></span> <span class='ocrx_word' id='word_1_252' title='bbox 745 3742 826 3811; x_wconf 87' lang='lat' dir='ltr'><strong>primi</strong></span> <span class='ocrx_word' id='word_1_253' title='bbox 845 3742 973 3795; x_wconf 88' lang='lat' dir='ltr'><strong>dicuntur</strong></span> <span class='ocrx_word' id='word_1_254' title='bbox 994 3748 1053 3795; x_wconf 88' lang='lat' dir='ltr'><strong>arte</strong></span> <span class='ocrx_word' id='word_1_255' title='bbox 1071 3742 1190 3813; x_wconf 89' lang='lat' dir='ltr'><strong>quadam</strong></span> <span class='ocrx_word' id='word_1_256' title='bbox 1207 3744 1290 3796; x_wconf 89' lang='lat' dir='ltr'><strong>verba</strong></span> <span class='ocrx_word' id='word_1_257' title='bbox 1299 3743 1356 3795; x_wconf 93' lang='lat' dir='ltr'><strong>vin-</strong></span> 
     </span>
     <span class='ocr_line' id='line_1_35' title="bbox 220 3825 1356 3897; baseline -0.004 -14"><span class='ocrx_word' id='word_1_258' title='bbox 220 3831 303 3883; x_wconf 87' lang='lat' dir='ltr'><strong>xisse:</strong></span> <span class='ocrx_word' id='word_1_259' title='bbox 328 3828 490 3881; x_wconf 88' lang='lat' dir='ltr'><strong>Theodorus</strong></span> <span class='ocrx_word' id='word_1_260' title='bbox 513 3833 605 3879; x_wconf 86' lang='lat' dir='ltr'><strong>autem</strong></span> <span class='ocrx_word' id='word_1_261' title='bbox 627 3825 808 3897; x_wconf 84' lang='lat' dir='ltr'><strong>praefractior</strong></span> <span class='ocrx_word' id='word_1_262' title='bbox 830 3844 879 3880; x_wconf 90' lang='lat' dir='ltr'><strong>nec</strong></span> <span class='ocrx_word' id='word_1_263' title='bbox 897 3827 963 3880; x_wconf 88' lang='lat' dir='ltr'><strong>satis</strong></span> <span class='ocrx_word' id='word_1_264' title='bbox 986 3833 1016 3878; x_wconf 94' lang='lat' dir='ltr'><strong>ut</strong></span> <span class='ocrx_word' id='word_1_265' title='bbox 1038 3826 1077 3879; x_wconf 90' lang='lat' dir='ltr'><strong>ita</strong></span> <span class='ocrx_word' id='word_1_266' title='bbox 1100 3826 1188 3879; x_wconf 87' lang='lat' dir='ltr'><strong>dicam</strong></span> <span class='ocrx_word' id='word_1_267' title='bbox 1211 3828 1356 3888; x_wconf 73' lang='lat' dir='ltr'><strong>rotundus2</strong></span> 
     </span>
    </p>
   </div>
   <div class='ocr_carea' id='block_1_4' title="bbox 125 3909 1357 3985">
    <p class='ocr_par' dir='ltr' id='par_1_6' title="bbox 125 3909 1357 3985">
     <span class='ocr_line' id='line_1_36' title="bbox 125 3909 1357 3985; baseline -0.005 -18"><span class='ocrx_word' id='word_1_268' title='bbox 125 3980 127 3985; x_wconf 28' lang='grc' dir='ltr'>Ι</span> <span class='ocrx_word' id='word_1_269' title='bbox 220 3913 324 3984; x_wconf 88' lang='lat' dir='ltr'><strong>primns</strong></span> <span class='ocrx_word' id='word_1_270' title='bbox 342 3910 461 3964; x_wconf 89' lang='lat' dir='ltr'><strong>instituit</strong></span> <span class='ocrx_word' id='word_1_271' title='bbox 479 3911 594 3963; x_wconf 89' lang='lat' dir='ltr'><strong>dilatare</strong></span> <span class='ocrx_word' id='word_1_272' title='bbox 613 3909 701 3963; x_wconf 90' lang='lat' dir='ltr'><strong>verbis</strong></span> <span class='ocrx_word' id='word_1_273' title='bbox 720 3918 747 3963; x_wconf 92' lang='lat' dir='ltr'><strong>ct</strong></span> <span class='ocrx_word' id='word_1_274' title='bbox 760 3910 933 3964; x_wconf 90' lang='lat' dir='ltr'><strong>mollioribus</strong></span> <span class='ocrx_word' id='word_1_275' title='bbox 945 3911 1064 3964; x_wconf 86' lang='lat' dir='ltr'><strong>numeris</strong></span> <span class='ocrx_word' id='word_1_276' title='bbox 1077 3911 1188 3981; x_wconf 85' lang='lat' dir='ltr'><strong>explere</strong></span> <span class='ocrx_word' id='word_1_277' title='bbox 1199 3910 1357 3963; x_wconf 86' lang='lat' dir='ltr'><strong>sententias.</strong></span> 
     </span>
    </p>
   </div>
   <div class='ocr_carea' id='block_1_5' title="bbox 220 3993 1357 4401">
    <p class='ocr_par' dir='ltr' id='par_1_7' title="bbox 220 3993 1357 4152">
     <span class='ocr_line' id='line_1_37' title="bbox 220 3993 1357 4069; baseline -0.004 -18"><span class='ocrx_word' id='word_1_278' title='bbox 220 3999 253 4051; x_wconf 91' lang='lat' dir='ltr'><strong>ln</strong></span> <span class='ocrx_word' id='word_1_279' title='bbox 272 4015 326 4069; x_wconf 91' lang='lat' dir='ltr'><strong>qno</strong></span> <span class='ocrx_word' id='word_1_280' title='bbox 346 4014 406 4049; x_wconf 89' lang='lat' dir='ltr'><strong>cunr</strong></span> <span class='ocrx_word' id='word_1_281' title='bbox 430 3996 541 4048; x_wconf 87' lang='lat' dir='ltr'><strong>doceret</strong></span> <span class='ocrx_word' id='word_1_282' title='bbox 563 4011 621 4057; x_wconf 88' lang='lat' dir='ltr'><strong>eos,</strong></span> <span class='ocrx_word' id='word_1_283' title='bbox 644 3993 691 4067; x_wconf 90' lang='lat' dir='ltr'><strong>qui</strong></span> <span class='ocrx_word' id='word_1_284' title='bbox 716 3993 816 4065; x_wconf 88' lang='lat' dir='ltr'><strong>partim</strong></span> <span class='ocrx_word' id='word_1_285' title='bbox 838 3994 866 4047; x_wconf 95' lang='lat' dir='ltr'><strong>in</strong></span> <span class='ocrx_word' id='word_1_286' title='bbox 890 3994 1019 4058; x_wconf 86' lang='lat' dir='ltr'><strong>dicendo,</strong></span> <span class='ocrx_word' id='word_1_287' title='bbox 1040 3994 1141 4065; x_wconf 91' lang='lat' dir='ltr'><strong>partim</strong></span> <span class='ocrx_word' id='word_1_288' title='bbox 1164 3995 1191 4047; x_wconf 93' lang='lat' dir='ltr'><strong>in</strong></span> <span class='ocrx_word' id='word_1_289' title='bbox 1213 3993 1357 4047; x_wconf 90' lang='lat' dir='ltr'><strong>scribendo</strong></span> 
     </span>
     <span class='ocr_line' id='line_1_38' title="bbox 221 4078 1240 4152; baseline -0.005 -17"><span class='ocrx_word' id='word_1_290' title='bbox 221 4082 358 4152; x_wconf 88' lang='lat' dir='ltr'><strong>principos</strong></span> <span class='ocrx_word' id='word_1_291' title='bbox 377 4080 548 4141; x_wconf 86' lang='lat' dir='ltr'><strong>exstiterunt,</strong></span> <span class='ocrx_word' id='word_1_292' title='bbox 566 4080 661 4131; x_wconf 91' lang='lat' dir='ltr'><strong>domus</strong></span> <span class='ocrx_word' id='word_1_293' title='bbox 681 4079 740 4148; x_wconf 88' lang='lat' dir='ltr'><strong>ejus</strong></span> <span class='ocrx_word' id='word_1_294' title='bbox 758 4078 869 4130; x_wconf 80' lang='lat' dir='ltr'><strong>cilicina</strong></span> <span class='ocrx_word' id='word_1_295' title='bbox 886 4078 981 4132; x_wconf 89' lang='lat' dir='ltr'><strong>habita</strong></span> <span class='ocrx_word' id='word_1_296' title='bbox 999 4078 1173 4150; x_wconf 86' lang='lat' dir='ltr'><strong>eloquentiae</strong></span> <span class='ocrx_word' id='word_1_297' title='bbox 1191 4085 1240 4131; x_wconf 89' lang='lat' dir='ltr'><strong>cst.</strong></span> 
     </span>
    </p>

    <p class='ocr_par' dir='ltr' id='par_1_8' title="bbox 289 4160 1024 4232">
     <span class='ocr_line' id='line_1_39' title="bbox 289 4160 1024 4232; baseline -0.004 -15"><span class='ocrx_word' id='word_1_298' title='bbox 289 4169 314 4225; x_wconf 83' lang='grc'><strong>2)</strong></span> <span class='ocrx_word' id='word_1_299' title='bbox 334 4165 368 4217; x_wconf 86' lang='lat'><strong>0.</strong></span> <span class='ocrx_word' id='word_1_300' title='bbox 385 4162 505 4216; x_wconf 87' lang='lat' dir='ltr'><strong>Mueller</strong></span> <span class='ocrx_word' id='word_1_301' title='bbox 523 4181 549 4232; x_wconf 92' lang='lat' dir='ltr'><strong>p.</strong></span> <span class='ocrx_word' id='word_1_302' title='bbox 568 4165 624 4215; x_wconf 76' lang='lat'><strong>391.</strong></span> <span class='ocrx_word' id='word_1_303' title='bbox 643 4160 699 4216; x_wconf 85' lang='lat' dir='ltr'><strong>Cic.</strong></span> <span class='ocrx_word' id='word_1_304' title='bbox 717 4163 751 4215; x_wconf 89' lang='lat' dir='ltr'><strong>do</strong></span> <span class='ocrx_word' id='word_1_305' title='bbox 769 4169 837 4216; x_wconf 86' lang='lat' dir='ltr'><strong>orat.</strong></span> <span class='ocrx_word' id='word_1_306' title='bbox 856 4162 894 4225; x_wconf 91' lang='lat' dir='ltr'><strong>II,</strong></span> <span class='ocrx_word' id='word_1_307' title='bbox 911 4166 934 4226; x_wconf 65' lang='grc' dir='ltr'><strong>ς.</strong></span> <span class='ocrx_word' id='word_1_308' title='bbox 953 4165 995 4215; x_wconf 83' lang='grc'><strong>94.</strong></span> <span class='ocrx_word' id='word_1_309' title='bbox 1021 4225 1024 4230; x_wconf 27' lang='lat'>¹</span> 
     </span>
    </p>

    <p class='ocr_par' dir='ltr' id='par_1_9' title="bbox 290 4246 871 4318">
     <span class='ocr_line' id='line_1_40' title="bbox 290 4246 871 4318; baseline -0.003 -18"><span class='ocrx_word' id='word_1_310' title='bbox 290 4251 315 4315; x_wconf 83' lang='lat'><strong>3)</strong></span> <span class='ocrx_word' id='word_1_311' title='bbox 335 4249 368 4300; x_wconf 89' lang='lat' dir='ltr'><strong>de</strong></span> <span class='ocrx_word' id='word_1_312' title='bbox 387 4247 485 4318; x_wconf 87' lang='lat' dir='ltr'><strong>quibus</strong></span> <span class='ocrx_word' id='word_1_313' title='bbox 503 4247 560 4318; x_wconf 86' lang='lat' dir='ltr'><strong>egit</strong></span> <span class='ocrx_word' id='word_1_314' title='bbox 577 4246 699 4299; x_wconf 86' lang='lat' dir='ltr'><strong>Pluntke</strong></span> <span class='ocrx_word' id='word_1_315' title='bbox 716 4265 743 4316; x_wconf 95' lang='lat' dir='ltr'><strong>p.</strong></span> <span class='ocrx_word' id='word_1_316' title='bbox 761 4250 792 4298; x_wconf 83' lang='lat'><strong>53</strong></span> <span class='ocrx_word' id='word_1_317' title='bbox 811 4264 871 4317; x_wconf 90' lang='lat' dir='ltr'><strong>sqq.</strong></span> 
     </span>
    </p>

    <p class='ocr_par' dir='ltr' id='par_1_10' title="bbox 289 4331 616 4401">
     <span class='ocr_line' id='line_1_41' title="bbox 289 4331 616 4401; baseline -0.006 -15"><span class='ocrx_word' id='word_1_318' title='bbox 289 4335 315 4400; x_wconf 88' lang='grc'><strong>4)</strong></span> <span class='ocrx_word' id='word_1_319' title='bbox 337 4331 495 4385; x_wconf 88' lang='lat' dir='ltr'><strong>Volkmann</strong></span> <span class='ocrx_word' id='word_1_320' title='bbox 513 4350 540 4401; x_wconf 92' lang='lat' dir='ltr'><strong>p.</strong></span> <span class='ocrx_word' id='word_1_321' title='bbox 558 4334 616 4384; x_wconf 87' lang='lat'><strong>333.</strong></span> 
     </span>
    </p>
   </div>
   <div class='ocr_carea' id='block_1_6' title="bbox 0 0 1486 4830">
    <p class='ocr_par' dir='ltr' id='par_1_11' title="bbox 0 0 1486 4830">
     <span class='ocr_line' id='line_1_42' title="bbox 0 0 1486 4830; baseline 0 0"><span class='ocrx_word' id='word_1_322' title='bbox 0 0 1486 4830; x_wconf 95' lang='lat' dir='ltr'><strong> </strong></span> 
     </span>
    </p>
   </div>
  </div>
 </body>
</html>
