2946 4830
712 293 748 354 21

170 455 349 535 πλεονεξίαι
370 455 429 533 ΙΙΙ,
451 461 499 534 22,
527 457 567 538 V,
591 461 618 522 9.
648 463 696 532 46,
717 453 903 535 περιουσίαν
924 453 983 534 XI,
1009 459 1055 533 15,
1077 444 1300 534 περιντότητες

169 557 211 638 Χ,
228 563 256 636 7,
278 558 441 620 συνουσίαι
461 555 504 638 Π,
527 563 576 636 47,
599 554 730 641 pluries,
753 547 928 636 συνήθειαι
942 551 968 631 Ι,
994 559 1004 617 1
1024 551 1086 632 bis,
1108 548 1221 632 τόλμαι
1242 553 1299 633 ΙΙΙ,

170 657 218 737 77,
249 650 340 733 τύχαι
362 656 421 731 IV,
445 661 495 721 92.
535 658 606 730 163,
644 648 752 736 ύβρεις
773 653 831 734 IV,
859 658 926 729 114,
956 644 1142 768 ύμερβολαὶ
1162 650 1226 733 ΙΙΙ,
1248 654 1297 726 35,

169 749 320 820 ὑπόνοιαι
348 754 431 831 XII,
456 759 525 831 265,
557 747 711 837 ὑποψίαι
736 752 801 832 ΙΙΙ,
831 759 880 834 37,
914 754 1025 838 patrus
1044 750 1070 833 Ι,
1095 758 1121 833 1,
1149 750 1206 833 ΙΙΙ,
1230 757 1298 827 145,

171 853 353 941 φιλοτιμίαι
374 854 433 933 ΙΙΙ,
459 861 503 922 18.

253 954 430 1020 Consuevit
449 953 473 1018 I.
495 955 640 1018 omittere
663 952 832 1018 articulum
856 958 931 1016 ante
946 951 1077 1015 nomina
1095 949 1229 1036 propria
1246 971 1300 1032 po·

161 1043 319 1142 pulorum
341 1063 373 1117 et
393 1053 569 1117 incolarum
591 1052 721 1117 urbium
742 1053 855 1137 paucis
877 1051 1033 1135 exceptis,
1064 1070 1146 1135 quae
1172 1056 1247 1111 sunt
1269 1040 1300 1109 oi

164 1148 318 1236 Ἓλληνες
345 1162 376 1240 et
403 1146 433 1215 oi
454 1143 565 1226 Ἴωνες
577 1154 597 1229 ¹)
625 1175 690 1215 non
711 1152 817 1215 minus
846 1172 942 1238 quam
965 1158 1040 1213 ente
1064 1147 1301 1213 substantivum

172 1245 360 1332 ἀνθρωττοι,
389 1252 445 1316 ubi
473 1275 544 1316 cum
572 1245 718 1325 πάντες
744 1249 796 1314 vel
823 1245 998 1322 όίτταντες
1024 1249 1239 1334 conjungitur.
1260 1282 1302 1292 —

172 1351 208 1416 In
222 1345 318 1416 unius
333 1352 427 1439 hujus
441 1351 542 1416 Attici
564 1352 702 1416 oratoris
718 1374 778 1414 usu
792 1372 862 1414 esse
878 1347 1108 1412 animadvertit
1123 1345 1163 1410 G.
1178 1345 1302 1409 Bern-

173 1449 336 1536 hardy2)
361 1451 524 1515 inversam
553 1452 642 1515 vocis
673 1443 691 1513 ό
721 1451 854 1536 ejusque
890 1470 1020 1512 casuum
1049 1445 1301 1523 collocationem,

172 1549 269 1614 veluti
286 1550 334 1626 Il,
360 1555 398 1617 18
427 1549 481 1612 ἵνα
504 1546 560 1625 τὰς
579 1545 640 1631 μὲν
662 1545 836 1632 (ἐργασίας)
859 1545 1035 1631 φεύγωσιν,
1063 1541 1146 1628 πρὸς
1171 1538 1207 1606 δὲ
1234 1538 1303 1617 τὰς

173 1643 427 1733 προθυμότερον
452 1643 573 1727 ἔχωσιν.
605 1649 644 1713 cf.
666 1649 726 1732 111,
749 1654 799 1716 33.
821 1653 871 1731 34,
898 1647 955 1730 IV,
977 1652 1026 1715 82.
1051 1650 1117 1712 137.
1143 1653 1208 1723 151,
1228 1643 1302 1727 VH,

174 1753 221 1827 52,
241 1748 350 1831 XVII,
374 1755 421 1831 13,
444 1747 524 1812 alios
542 1748 631 1814 locos
653 1747 844 1834 complures,

254 1848 404 1934 Denique
425 1870 636 1933 praemonere
658 1847 754 1912 liceat
775 1869 816 1911 nc
837 1847 944 1932 ipsum
959 1846 1138 1910 Isocratem
1156 1866 1302 1908 errorum

141 1938 143 1943 ⁵
174 1970 213 2012 ae
226 1948 378 2013 vitiorum
394 1947 596 2034 quorundam
614 1968 812 2030 accusemus,
833 1968 915 2030 quae
931 1947 960 2010 ei
975 1945 1101 2009 librarii
1116 1950 1149 2008 ct
1162 1942 1303 2007 editores

174 2045 323 2110 videntur
345 2045 500 2111 intulisse.
541 2047 626 2111 Num
647 2045 801 2111 Benseler
824 2044 918 2131 quod,
940 2054 975 2109 ut
996 2066 1101 2131 pauca
1122 2051 1209 2108 certe
1231 2064 1303 2129 pro-

173 2146 314 2211 feramus
351 2146 500 2232 exempla
506 2195 515 2228 ,
552 2145 723 2212 UrbInatis
759 2147 950 2210 auctoritate
981 2144 1157 2231 perductus
1187 2143 1249 2225 Vl,
1284 2149 1303 2212 8

174 2253 352 2310 ceterorum
374 2244 532 2310 librorum
554 2249 748 2333 scripturam
770 2237 902 2327 ἑλοίμην
924 2237 966 2307 ύίν
986 2245 1099 2330 rejecit
1121 2243 1305 2329 asscripsit

174 2337 309 2430 εἱλόμην
328 2337 381 2424 tv,
415 2369 567 2431 magnam
587 2346 612 2409 Ι.
635 2347 789 2433 imposuit
818 2346 980 2432 injuriam,
1011 2367 1083 2425 cum
1111 2344 1215 2408 omnis
1241 2341 1305 2406 loci

176 2446 401 2533 enunciatique
417 2446 644 2511 conditionalis
659 2446 742 2509 ratio
759 2447 940 2531 optativum
955 2466 1027 2507 cum
1042 2434 1067 2506 ύί
1069 2465 1086 2504 ν
1100 2444 1304 2529 conjunctum

173 2545 355 2610 necessario
366 2546 519 2632 requirat.
549 2544 655 2608 Minus
674 2543 783 2630 placet
796 2543 908 2621 altera,
934 2564 1029 2629 quam
1050 2544 1158 2628 attigit
1175 2541 1305 2628 Kayser

174 2667 281 2726 causa,
302 2644 390 2732 quod
410 2643 630 2732 respondeant
650 2643 759 2710 verbis
781 2636 910 2726 ἑλοίμην
929 2636 973 2705 ta
995 2664 1077 2728 quae
1095 2644 1306 2729 insequuntur

174 2738 389 2827 αἰσχυνοίμην
410 2736 461 2820 tv,
485 2745 590 2809 minor
611 2743 678 2826 illa,
700 2767 797 2832 quam
819 2754 854 2808 ut
875 2741 1068 2807 Urbinatem
1088 2740 1185 2806 liceat
1207 2742 1306 2806 corri-

173 2866 259 2930 gere.
301 2844 370 2909 Nec
398 2846 516 2908 minus.
534 2866 635 2929 grave
658 2853 716 2923 est,
748 2842 836 2928 quod
860 2842 946 2907 idem
969 2840 1024 2905 ille
1044 2840 1136 2922 VIII,
1168 2846 1223 2906 100
1250 2836 1307 2925 τὴν

173 2931 273 3030 ἧτταν
294 2940 351 3029 τὴν
368 2938 405 3007 ἐν
420 2936 617 3024 Λεύκτροις,
641 2965 737 3029 quam
757 2945 880 3030 justam
902 2941 1070 3008 lectionem
1086 2962 1195 3005 omnes
1214 2961 1307 3026 prae-

173 3043 252 3108 bent
273 3043 411 3126 codices,
433 3066 496 3108 uno
519 3042 679 3107 Urbinate
706 3051 839 3107 auctore
860 3042 998 3106 mutavit
1019 3043 1053 3105 in
1072 3036 1134 3122 την
1154 3029 1251 3126 ἧτταν
1272 3035 1309 3104 ἐν

172 3136 372 3220 Λεύκτροις..
395 3142 482 3222 Quid
494 3164 571 3207 vero
583 3142 713 3206 tandem
725 3141 788 3207 sibi
798 3141 901 3215 voluit
909 3141 1072 3206 Isocrates
1087 3141 1129 3224 X,
1148 3143 1184 3204 16
1197 3139 1308 3204 dicens

173 3237 232 3325 τὴν
252 3237 312 3322 μὲν
334 3231 392 3306 οὖν
415 3234 516 3326 ἀρχὴν
538 3244 595 3304 τοῦ
616 3237 715 3323 λόχον
738 3236 923 3327 ντοιηίσομαι
943 3235 1102 3325 τοιαύτην
1122 3241 1176 3303 τοῦ
1199 3235 1307 3321 χένονς

174 3335 294 3428 attus?
317 3341 403 3427 quod
423 3342 659 3427 ineptissimum
682 3363 752 3405 esse
775 3341 924 3427 Kaysoro
947 3361 1040 3405 nemo
1061 3362 1126 3404 non
1151 3338 1307 3411 concedit.

174 3442 303 3521 Quaere
324 3440 493 3505 Urbinatis
515 3443 677 3527 scriptura
705 3433 855 3524 τοιαύτην
877 3439 983 3504 deleta
1010 3438 1209 3503 restituenda
1236 3449 1309 3502 sunt

174 3539 372 3628 reliquorum
392 3539 549 3604 librorum
570 3542 708 3626 repetita
734 3540 835 3604 verba
855 3535 913 3625 την
935 3530 1052 3620 α’ρχην,
1083 3560 1219 3624 quorum
1241 3539 1308 3601 vim

176 3663 215 3706 ae
235 3649 431 3705 momentum
454 3662 570 3725 parum
592 3639 781 3726 intellegens
805 3638 912 3704 scriba
933 3638 1028 3703 facile
1050 3640 1155 3724 potuit
1177 3637 1309 3724 explere

175 3740 254 3804 illud
275 3731 436 3822 τοιαύτην.

257 3839 349 3904 Haec
379 3838 419 3904 de
447 3841 727 3924 grammaticis
761 3840 838 3903 satis
868 3848 976 3920 sunto,
1011 3836 1097 3902 unde
1129 3836 1309 3922 Dionysius

176 3939 262 4025 quod
291 3961 406 4024 purum
432 3937 543 4002 laudat
569 3940 722 4004 Isocratis
745 3939 956 4016 atticismum‚
986 3960 1050 4001 non
1078 3935 1310 4019 redarguatur3

176 4061 261 4103 nunc
283 4036 323 4102 de
349 4038 531 4119 Isocrateae
561 4039 748 4102 elocutionis
779 4038 1075 4124 perspicuitate
1104 4045 1201 4123 atque
1223 4036 1309 4099 evi·

246 4273 270 4340 1)
292 4272 382 4326 Brem.
400 4289 459 4328 exc.
475 4271 523 4326 lv.
569 4349 570 4353 Ἰ

245 4360 271 4426 2)
289 4364 395 4427 syntax,
412 4376 439 4428 p.
459 4360 508 4410 310
527 4357 620 4410 adnot.
