2946 4830
653 251 749 330 ἰν

166 427 340 495 dummodo
350 453 389 493 ne
399 453 468 495 eam
478 430 698 517 improbemus
708 433 845 497 rhetoris
856 430 1039 504 editionem,
1050 451 1145 515 quam
1153 429 1243 493 nisus
1253 450 1294 492 cx

165 540 260 617 parte
270 532 327 612 eis,
343 552 425 614 quae
433 529 463 594 J.
473 530 614 611 Bekker,
627 532 667 597 (l.
679 531 831 613 Diodori,
844 530 875 596 J.
887 529 926 594 G.
939 528 1060 609 Baiter,
1072 527 1102 593 J.
1115 527 1153 592 G.
1165 527 1294 612 Strang,

165 629 222 694 alii
234 629 441 714 collegerunt,
452 629 546 694 nobis
557 629 646 695 dedit
661 629 700 697 G.
715 630 753 695 E.
768 629 966 694 Bcnseler.
990 628 1055 707 Qui
1066 630 1116 690 vir
1129 627 1241 691 doctus
1257 650 1295 689 ac
1389 645 1394 657 ¹

167 726 209 793 de
228 728 373 793 Isocrate
398 730 467 792 sine
488 728 587 794 dubio
610 732 731 816 optime
759 731 892 794 meritus
913 730 947 792 in
972 726 1203 793 constituendis
1226 729 1295 814 ejus

166 827 277 893 verbis
299 829 359 892 etsi
389 837 493 892 certas
521 829 679 914 quasdam
705 829 836 914 regulas
864 829 963 891 nimia
985 849 1057 892 cum
1079 827 1296 892 obstinatione

168 947 239 991 esse
272 935 462 1012 persecutus
493 936 590 1015 atque
623 928 835 994 immoderate
865 926 1031 1012 complura
1063 936 1205 991 mutasse
1232 947 1296 991 non

169 1027 327 1090 immerito
341 1026 469 1090 videtur
490 1029 584 1112 argui
598 1029 630 1110 ¹),
652 1029 685 1091 in
705 1030 891 1092 universum
914 1037 1021 1090 tamen
1043 1036 1129 1090 recte
1146 1048 1216 1089 eam
1235 1024 1297 1088 sibi

174 1127 300 1211 scripsit
322 1124 435 1210 legem,
459 1134 495 1190 ut
517 1128 686 1215 scriptoris
701 1151 794 1191 usum
812 1127 954 1190 maxime
969 1125 1097 1190 dicendi
1112 1127 1297 1211 respiceret.

172 1227 280 1311 Itaque
300 1226 453 1309 quoniam
474 1224 651 1291 obsoletam
673 1226 773 1290 ullam
797 1228 916 1290 atticae
945 1223 1076 1289 dialecti
1104 1225 1242 1288 formam
1263 1225 1298 1286 in

169 1322 322 1389 Isocratis
345 1348 405 1389 usu
428 1347 499 1389 esse
519 1327 577 1389 vix
599 1348 638 1390 ac
663 1348 703 1389 ne
725 1328 782 1390 vix
804 1325 935 1411 quidem
956 1335 1063 1408 potest
1085 1323 1298 1388 demonstrari

168 1445 229 1487 nec
250 1425 304 1510 qui
326 1426 465 1511 scriptor
479 1424 603 1489 tamdiu
618 1425 661 1490 ad
676 1425 889 1490 elaborandas
906 1423 1048 1509 singulas
1070 1426 1230 1488 orationes
1253 1425 1298 1486 in·

170 1521 282 1587 cubuit
302 1523 398 1588 modo
421 1524 482 1588 hac
508 1524 604 1589 modo
632 1523 689 1589 illa
713 1526 818 1589 forma
844 1547 921 1588 usus
950 1546 1020 1587 esse
1049 1522 1211 1609 putandus
1243 1531 1298 1598 est,

167 1623 364 1688 recentiores
386 1623 525 1688 editores
547 1627 652 1708 primo
675 1624 742 1690 loco
767 1635 944 1688 statuamus
960 1645 1019 1708 pro
1043 1621 1191 1700 omnibus
1206 1631 1299 1706 quot-

94 1744 99 1761 ·
168 1730 246 1809 quot
272 1745 337 1787 non
359 1732 432 1786 sunt
453 1726 526 1808 puri
554 1722 639 1787 illius
667 1724 818 1788 atticismi
847 1711 948 1808 quem
964 1732 1081 1786 vocant
1109 1723 1298 1786 recentioris

167 1822 282 1886 formis
298 1821 418 1908 probas
435 1833 588 1909 ratasque
607 1845 729 1887 summo
743 1825 817 1910 jure
832 1822 1045 1886 substituisse.
1070 1821 1180 1900 Quare
1194 1820 1300 1884 ubivis

167 1922 253 2004 fere,
278 1929 314 1985 ut
346 1923 517 2008 potissima
544 1922 673 2009 quidem
701 1924 814 2008 paucis
845 1931 1045 2006 repetamus,
1073 1923 1143 2007 jam
1173 1929 1302 1984 exstant

86 2085 89 2089 .
167 2020 351 2092 Atticorum
379 2023 560 2087 communia
592 2021 648 2086 illa
677 2032 773 2108 atque
803 2023 924 2086 usitata
958 2016 1131 2102 βασιλέας,
1163 2015 1302 2094 Φωκέας

167 2120 221 2203 (V,
237 2125 297 2202 74),
320 2116 512 2196 Πλαταιέας
534 2121 620 2203 (XII,
636 2127 697 2204 92),
724 2116 891 2195 Θεσπιέας
913 2121 1013 2202 (XIV,
1031 2125 1063 2198 9)
1081 2141 1141 2206 pro
1157 2116 1303 2200 βασιλεῖς

167 2242 234 2308 aq.
242 2243 281 2295 s.;
292 2215 446 2286 sisteret
457 2216 570 2302 πλέον,
582 2221 639 2285 sed
650 2244 759 2287 omnes
771 2221 887 2306 reliqui
897 2243 990 2284 casus
1000 2242 1058 2305 per
1069 2219 1303 2305 diphthongum

168 2319 306 2385 exhibiti
316 2321 357 2404 ²);
379 2316 506 2396 τέλειος
527 2321 655 2409 adject,
680 2321 810 2386 adverb.
832 2315 968 2402 τελέιος;
992 2313 1146 2380 θάλαττα
1169 2328 1199 2382 et
1220 2319 1304 2400 θαῤ-

168 2419 238 2500 ῥεῖν
263 2442 328 2485 non
357 2418 513 2484 θάλασσα
540 2430 572 2485 et
600 2421 753 2502 θαρσεῖν;
788 2411 811 2482 ά
816 2412 963 2494 θάνατος
990 2441 1099 2504 gener.
1129 2440 1304 2496 commun.;

170 2509 376 2601 ἀποστερεῖν,
402 2512 586 2602 ἀθροίζειν,
607 2515 791 2602 γίγνεσθαι,
824 2512 1027 2600 γιγνώσκειν,
1059 2514 1302 2599 ἐπιμελεῖσθαι,

171 2605 266 2699 οἶμαι
281 2629 313 2683 et
330 2611 421 2704 η’λμην
436 2644 495 2706 pro
515 2611 719 2701 άποστέρειν,
743 2612 919 2701 ἁθροίζειν,
943 2618 1099 2699 γίνεσθαι,
1125 2613 1303 2700 γινώσκειν,

171 2711 417 2798 ἐπιμέλεσθαι,
454 2713 569 2802 οἴομαι
600 2731 631 2783 et
665 2710 794 2802 ᾠόμην;
826 2711 1048 2781 αἰσθάνονται
1076 2716 1151 2799 (ΙΙΙ,
1181 2724 1211 2793 5)
1242 2739 1305 2780 nou

171 2810 363 2902 αἴσθονται;
395 2814 537 2902 ἐθέλειν,
560 2811 763 2906 ἠβουλήθην,
786 2812 965 2902 ἠδυνάμην,
989 2808 1132 2902 ἤμελλον
1159 2839 1218 2903 pro
1248 2810 1307 2878 θέ-

171 2915 253 3000 λειν,
285 2914 344 3000 έβ,
376 2914 433 2995 dd,
464 2914 531 3002 έμ.;
566 2912 807 2984 terminationes
840 2941 946 3005 praes.
983 2926 1082 3003 optat.
1111 2937 1185 2999 οιην
1207 2920 1307 2999 (ιμην),

171 3039 252 3103 οιης,
285 3039 336 3100 οιη
364 3042 424 3104 pro
454 3040 536 3100 οιμι,
568 3041 628 3094 οις,
660 3040 701 3094 οι,
734 3018 791 3082 sed
821 3017 902 3104 plur.
931 3038 1035 3097 οιμεν,
1071 3037 1155 3091 οιτε,
1187 3017 1307 3097 οιεν3);

173 3140 315 3204 persona
336 3121 443 3204 prima
466 3142 532 3183 aor.
556 3133 643 3205 pass.
665 3140 763 3200 ειμεν,
785 3127 888 3203 genet.
904 3117 1068 3203 participii
1084 3110 1257 3180 verborum
1275 3118 1308 3178 in
1409 3141 1411 3145 ’

173 3240 228 3298 opt
248 3238 363 3292 νοντος
381 3241 445 3282 non
469 3240 570 3299 οντος,
601 3219 858 3304 praepositiones
883 3208 938 3300 εἰς,
962 3212 1030 3290 σὺν,
1065 3209 1159 3276 ἕνεκα
1181 3238 1240 3300 pro
1263 3209 1305 3288 ἐς,

172 3314 238 3394 ξὺν,
254 3316 379 3394 εἵνεκεν,
394 3320 555 3398 τοιοῦτον,
569 3320 733 3391 τοσοῦτον,
750 3314 951 3398 τηλικοῦτον,
966 3307 1088 3377 ταύτὸν
1098 3315 1306 3378 οοῐιτοιοῦτο

175 3428 246 3504 etq;
257 3440 296 3499 ες
319 3440 357 3482 ac
372 3428 463 3481 tanta
478 3428 527 3482 est
543 3417 698 3482 Isocratis
716 3416 894 3502 diligentia,
908 3423 944 3477 ut
956 3437 1026 3500 eum
1046 3437 1062 3475 ν
1079 3409 1308 3498 ε’φελκνστικόν

177 3620 382 3628 ..—...--..——.-

245 3754 271 3821 1)
288 3770 304 3805 a
322 3752 443 3823 Kaysero
462 3751 490 3804 in
509 3750 557 3803 illa
575 3765 697 3812 censura,
715 3747 792 3818 cujus
807 3763 974 3819 quamquam
987 3762 1042 3799 non
1060 3762 1154 3797 omnes
1165 3744 1310 3812 reprehen-

176 3837 264 3891 siones
282 3837 490 3908 comprobamus
512 3834 650 3905 plerisque
668 3840 742 3886 certe
754 3831 991 3885 emendationibus
1004 3827 1165 3898 adstipulari
1178 3827 1308 3896 cogimur.

242 3955 269 4021 2)
288 3973 311 4008 ν.
328 3954 435 4008 Bcnsel.
450 3954 484 4006 ad
497 3951 656 4022 Areopagit.
666 3928 843 4004 238-43scf.
857 3949 966 4000 Franke
983 3946 1124 4010 ,lectiones
1138 3944 1312 3997 Aeschineue‘

177 4038 280 4092 Philol.
299 4041 372 4106 1860,
391 4038 488 4109 Suppl.
506 4057 532 4108 p.
550 4039 609 4094 437.

244 4159 270 4222 3)
288 4155 482 4208 Difficiliorem
494 4173 552 4208 esse
564 4155 603 4206 ait
613 4153 722 4206 Franke
734 4151 920 4223 quaestionem
938 4149 973 4200 do
983 4163 1039 4199 aor.
1059 4152 1145 4216 optat.
1164 4142 1257 4196 formis
1275 4149 1314 4194 at-

178 4259 231 4313 que
250 4241 322 4312 apud
341 4247 462 4293 oratores
475 4239 583 4292 Atticos
602 4255 665 4300 ειας
678 4253 737 4290 ειεν
749 4234 931 4307 praevaluisse
943 4231 1028 4284 videri
1042 4234 1077 4300 (p.
1090 4230 1168 4294 452.)
1186 4229 1220 4279 de
1233 4227 1314 4279 Isocr.

178 4325 240 4379 vide
257 4325 364 4379 Bcnsel.
384 4345 411 4397 p.
428 4323 512 4390 XXI,
530 4323 626 4375 adnot.
645 4325 684 4374 10.
1097 4401 1120 4447 ἱ
