2946 4830
259 1221 334 1284 Jam
353 1220 494 1304 primum
515 1217 721 1283 statuendum
744 1227 793 1280 est
807 1216 946 1281 Isocrati
961 1226 1108 1279 naturam
1124 1212 1312 1300 praeclaras

178 1341 232 1382 eas
265 1321 365 1385 animi
399 1317 489 1382 dotes
525 1316 642 1404 quibus
665 1315 878 1380 Athenienses
913 1316 1000 1380 cives
1030 1314 1208 1378 floruerunt
1241 1336 1313 1379 esse

176 1417 343 1504 largitam:
357 1416 527 1483 sublimem
538 1415 628 1480 illum
639 1414 764 1502 pulchri
778 1437 817 1479 ac
831 1415 957 1478 venusti
969 1436 1097 1478 sensum
1110 1415 1141 1496 ¹),
1157 1414 1313 1478 eximium

175 1516 281 1582 laudis
296 1518 485 1604 gloriaeque
504 1537 657 1597 amorem,
672 1513 780 1579 nobile
795 1515 921 1600 patriae
936 1522 967 1578 et
984 1512 1189 1600 publicarum
1204 1536 1312 1578 rerum

177 1614 363 1700 studiuml)
407 1614 513 1696 Quam
532 1615 698 1701 egregiam
719 1613 858 1679 indolem
881 1615 1031 1699 quoniam
1046 1612 1189 1678 excoluit
1207 1613 1312 1678 Theo·

177 1713 249 1778 dori
270 1716 372 1800 patris
396 1736 474 1780 cura
493 1713 638 1780 liberalis
648 1716 672 1794 3)
702 1715 959 1801 optimorumque
983 1714 1042 1801 qui
1065 1722 1133 1778 tum
1156 1711 1312 1798 vigebant

179 1816 370 1880 auctoritate
400 1815 545 1880 virorum
573 1812 770 1879 consuetudo
795 1822 891 1901 atque
922 1814 1082 1878 institutio
1093 1814 1128 1895 ¹¹),
1159 1811 1243 1876 bene
1271 1813 1312 1877 de

176 1911 231 1977 illo
240 1912 444 1980 adulescente
457 1936 590 2002 sperare
602 1914 707 2001 potuit
716 1915 815 1978 etiam
824 1913 975 1978 Socrates
981 1915 1118 2000 5)‚quem
1126 1913 1233 1977 vir'um
1241 1911 1312 1977 illu·

176 2022 273 2077 strem
281 2035 353 2078 cum
364 2013 659 2080 hominumanimos
672 2014 906 2101 atqueingenia
915 2036 1013 2078 unum
1021 2013 1162 2078 omnium
1169 2013 1312 2077 maxime

174 2114 381 2200 perspexisse
398 2123 534 2197 constat,
547 2123 615 2179 tum
629 2136 694 2179 non
710 2115 817 2179 forma
831 2114 962 2202 juvenis
980 2121 1145 2199 tamquam
1160 2114 1311 2197 generosi

173 2213 273 2278 animi
293 2211 402 2279 indice
425 2211 617 2300 perductum
639 2213 744 2279 obiter
756 2216 780 2290 6)
805 2213 863 2277 sed
884 2214 981 2278 certis
996 2212 1194 2298 quibusdam
1215 2236 1311 2278 usum

172 2313 373 2378 documentis
380 2315 403 2390 Ἰ)
421 2321 490 2378 tam
504 2311 672 2399 praeclare
685 2321 882 2398 auguratum
899 2336 970 2379 esse
983 2310 1187 2378 crediderim.
1215 2312 1310 2378 Diffi-

174 2412 266 2477 cilior
290 2412 332 2478 ad
353 2411 597 2500 dijudicandum
621 2421 669 2478 cst
690 2413 844 2478 Isocratis
873 2435 945 2478 cum
974 2415 1046 2500 ipso
1069 2412 1206 2477 Platone
1225 2415 1310 2480 ratio

174 2532 213 2575 ac
234 2511 429 2578 refellendus
451 2512 599 2601 quidem,
628 2514 754 2599 opinor,
777 2514 882 2599 primo
909 2512 981 2578 loco
1004 2512 1169 2591 Ciceross),
1194 2513 1310 2598 quide

172 2610 299 2674 seniore
310 2613 334 2689 9)
352 2611 496 2677 Isocrate
522 2610 692 2676 Platonem
721 2610 888 2697 aequalem
917 2611 997 2676 illud
1026 2613 1199 2697 scripsisse
1225 2612 1309 2676 male

138 2736 141 2741 ’
171 2710 305 2784 censuit,
329 2732 401 2775 cum
422 2712 506 2776 inter
527 2720 707 2798 utrumque,
731 2710 807 2776 olim
823 2735 903 2777 sane
918 2713 1047 2789 amicos,
1068 2713 1172 2799 majus
1198 2711 1309 2797 paula-

169 2808 228 2871 tim
248 2809 468 2876 intercesserit
490 2812 663 2877 discrimen
691 2835 731 2877 ac
753 2811 943 2890 discidium,
973 2835 1071 2899 quam
1092 2821 1127 2875 ut
1149 2811 1243 2876 Plato
1267 2812 1307 2877 de

168 2909 312 2974 Isocrate
333 2917 400 2976 tam
413 2911 571 2978 benevole
592 2921 624 2977 et
637 2912 709 2998 ipse
722 2914 866 2998 cogitare
881 2922 913 2978 et
928 2912 1096 2978 Socratem
1108 2911 1308 3005 judicantem

237 3176 263 3242 1)
281 3175 345 3231 vido
362 3176 445 3231 Isocr.
463 3193 503 3230 or.
513 3176 551 3245 X,
569 3180 602 3231 54
620 3174 747 3246 (κάλλος)
769 3167 785 3233 ὃ
803 3169 985 3246 σεμνότατον
1002 3178 1053 3232 καί
1064 3171 1244 3246 τιμιώτατον
1260 3179 1310 3233 καί

169 3251 327 3314 θειότατον
343 3263 403 3314 τῶν
422 3252 517 3315 ὄντων
534 3255 623 3315 ἐστίν.
681 3271 685 3282 ’

237 3344 263 3409 2)
280 3343 343 3398 vide
360 3341 433 3398 infra
450 3363 477 3414 p.
495 3349 511 3398 9
529 3364 588 3417 sqq.

238 3428 263 3492 3)
281 3428 315 3481 ls.
338 3427 403 3495 XV,
423 3431 486 3482 161:
511 3416 639 3499 ὅπατὴρ
656 3417 729 3498 ἡμᾶς
756 3415 851 3492 οὕτως
873 3425 1024 3497 ἐπιμελῶς
1040 3424 1214 3484 ἐπαίδευσεν
1236 3417 1310 3484 ὥστ’

167 3506 400 3583 ἐπιφανέστερον
418 3503 493 3566 εἷναί
510 3529 547 3580 με
566 3506 635 3568 τότε
652 3515 702 3567 καί
719 3505 949 3584 γνωριμώτερον
965 3511 1000 3567 ἐν
1016 3520 1079 3577 τοῖς
1097 3502 1271 3583 ἡλικιώταις.

233 3596 260 3661 4)
279 3595 372 3649 Psund
390 3597 443 3663 „de
460 3596 589 3650 Isocratis
606 3597 663 3650 vita
681 3605 710 3651 et
726 3596 854 3667 scriptis“
874 3598 969 3651 Berol.
988 3601 1053 3651 1833
1071 3615 1098 3666 p.
1116 3602 1140 3652 8.
1158 3602 1183 3652 9.

234 3681 260 3742 5)
278 3678 352 3732 Plat.
374 3679 491 3734 Phaedr.
515 3699 541 3750 p.
565 3684 614 3734 279
633 3681 669 3734 A:
692 3681 779 3735 δοκεῖ
796 3698 848 3746 μοι
867 3675 996 3746 ἀμείνων
1018 3672 1036 3750 ἢ
1055 3674 1131 3735 κατὰ
1152 3675 1221 3745 τοὺς
1242 3684 1311 3755 περί

167 3764 280 3817 Λυσίαν
296 3755 371 3818 εἶναι
383 3764 490 3832 λόγους
501 3757 539 3818 τὰ
550 3765 601 3833 τῆς
612 3756 737 3832 φύσεως,
749 3757 793 3818 ἔτι
805 3762 838 3818 δὲ
851 3757 918 3833 ἤθει
930 3762 1134 3836 γεννικωτὲρῳ
1145 3768 1308 3838 κεκρᾶσθαι

168 3876 200 3884 -
217 3839 304 3915 φύσει
321 3840 387 3917 γὰρ,
406 3837 430 3900 ὦ
447 3847 524 3916 φίλε,
541 3841 637 3902 ἔνεστί
655 3865 700 3911 τις
716 3849 879 3917 φιλοσοφία
897 3852 933 3917 τῇ
949 3852 1003 3902 τοῦ
1021 3841 1126 3918 ἀνδρὸς
1143 3850 1267 3924 διανοίᾳ.

235 3933 261 3997 6)
281 3937 312 3984 ut
329 3931 417 3985 voluit
430 3931 541 4002 Sauppe
556 3932 695 3996 ‚Zeitschn
712 3933 759 3986 fiir
770 3932 1104 3987 Alterthumswissensch.‘
1123 3937 1188 3987 1835
1207 3953 1233 4005 p.
1250 3937 1309 3988 403.

235 4016 261 4080 λ)
278 4014 307 4068 id
325 4016 400 4087 quod
417 4014 525 4070 videtur
541 4016 630 4071 inesse
649 4016 749 4072 additis
767 4017 822 4071 illis
840 4017 953 4071 vocibus
971 4007 1026 4081 ,οἷς
1043 4020 1094 4071 νῦν
1112 4013 1272 4088 ἐπιχειρεῖέ

236 4098 262 4164 8)
280 4105 349 4153 orat.
368 4101 409 4167 13,
426 4103 471 4153 42.

236 4183 398 4256 &Egregie
423 4183 521 4238 falsum
545 4202 603 4240 esse
625 4186 840 4240 Rauchenstein.
864 4203 997 4258 „ausgem
1019 4186 1115 4240 Reden
1137 4187 1185 4241 des
1208 4186 1310 4240 lsocr.“

170 4265 306 4319 dicentem
324 4267 403 4321 illum
421 4288 449 4338 p.
466 4273 491 4334 3,
509 4271 572 4324 adn.
592 4272 649 4333 ‚der
667 4270 843 4342 Comparativ
862 4270 896 4324 ist
913 4271 1023 4342 beziigl.
1041 4272 1092 4324 auf
1102 4271 1183 4325 Plato
1201 4280 1307 4342 gesagt,

168 4349 217 4402 der
234 4352 283 4403 430
294 4351 418 4424 geboren
430 4356 445 4405 6
459 4354 544 4408 Jahre
558 4353 662 4426 jtinger
674 4374 729 4408 war
747 4355 786 4408 als
801 4355 893 4410 Isoor.‘
913 4372 967 4408 non
987 4356 1114 4428 estquod
1138 4355 1307 4426 explanetur.
