2946 4830
720 268 760 338 20

176 437 343 501 cumomni
357 445 502 524 tempore
514 445 650 519 constat,
662 440 790 521 aoristo,
808 460 902 525 quem
916 444 1035 501 vocant
1051 438 1208 522 gnomico,
1222 458 1305 523 quae

176 558 247 600 cum
253 537 323 622 jam
335 538 500 601 evenerint
511 537 632 600 eisdem
646 537 883 602 conditionibus
896 559 1023 621 semper
1033 537 1192 600 evenient.
1201 571 1243 580 -
1253 535 1305 599 De

176 634 334 699 casibus
355 634 394 699 ac
415 635 540 700 modis
563 637 695 700 mutatis
716 648 751 700 ut
772 636 818 701 nil
836 636 1002 712 habemus,
1031 637 1122 720 cujus
1146 633 1304 699 faciamus

176 734 377 812 mentionem,
390 736 437 798 sic
453 736 581 799 omnino
592 735 744 801 Isocratis
756 734 997 822 simplicitatem
1012 744 1107 821 atque
1124 735 1304 820 perspicui·

173 842 272 897 tatem
289 856 309 897 a
327 835 545 917 grammaticis
560 834 682 919 figuriS,
706 857 789 921 quae
807 836 984 899 orationem
1000 856 1098 920 saepe
1113 833 1306 918 elegantem,

173 931 259 996 haud
279 953 354 996 raro
377 942 554 998 contortam
579 933 727 1016 reddunt,
749 933 847 1020 plane
869 933 937 997 fere
957 928 1165 997 abhorruisse
1191 942 1303 997 tenen·

173 1032 252 1096 dum
273 1043 330 1098 est.
373 1032 518 1118 Namque
539 1042 669 1120 praeter
690 1056 761 1098 earn
784 1034 923 1119 figuram
946 1056 1041 1118 quam
1066 1025 1205 1114 σόνεσιν,
1235 1034 1304 1095 sive

55 1172 57 1177 -
97 1186 100 1191 ,
172 1129 209 1196 τὸ
232 1134 341 1212 σχῆμα
362 1129 443 1215 πρὸς
469 1128 507 1195 τὸ
529 1127 709 1212 νοούμενον
736 1127 976 1217 σημαινόμενον
999 1131 1116 1196 Graeci
1143 1142 1260 1196 vocant
1272 1135 1304 1212 ¹),

173 1242 204 1296 et
226 1234 461 1307 attractionem,
493 1234 722 1297 usitatissimas
750 1232 823 1297 illas
851 1232 940 1318 apud
968 1254 1078 1296 omnes
1102 1225 1303 1295 Graecorum

173 1332 362 1417 scriptores,
399 1331 485 1418 apud
519 1333 695 1396 Isocratem
719 1331 827 1396 nullae
856 1335 1061 1417 reperiuntur
1090 1332 1153 1394 nisi
1185 1341 1303 1394 tmeses

171 1431 374 1516 obliquorum
396 1452 526 1495 casuum
554 1422 661 1506 οὐδεὶς
689 1440 721 1495 et
747 1427 860 1514 μηδεὶς
886 1432 1051 1496 nominum
1072 1433 1144 1515 (per
1166 1452 1303 1515 praepo-

172 1532 348 1611 sitiones)²)
371 1539 403 1594 et
424 1529 597 1595 verborum
615 1533 892 1617 transgressiones
914 1523 1120 1611 (δπερβατά).
1154 1528 1303 1609 Quarum

170 1630 320 1716 exempla
349 1629 500 1715 leguntur
521 1630 547 1712 I,
569 1635 609 1696 29
630 1623 705 1713 παρ’
740 1622 834 1712 ἀνδρὶ
855 1628 1026 1713 σπουδαίῳ
1046 1623 1142 1710 χάρις
1164 1622 1302 1714 όφειλσ-

169 1725 261 1814 μόνη,
281 1731 338 1812 Ν,
362 1735 400 1796 30
430 1722 476 1805 εἰς
495 1724 612 1815 ταύτην
642 1723 743 1793 οἰκεῖν
765 1723 883 1806 ἰόντας,
908 1736 947 1798 82
973 1725 1059 1808 πρὸς
1084 1724 1120 1790 δὲ
1138 1725 1222 1802 τοδς
1245 1722 1303 1790 οὐκ

171 1823 251 1894 εἰσίν
272 1823 483 1909 ἁρμόττοντες
504 1825 606 1912 λόγοι,
637 1830 698 1912 VI,
726 1834 764 1896 82
786 1825 903 1909 μικρὸν
930 1822 1156 1910 στρατόπεδον
1182 1820 1227 1902 εἰς
1245 1824 1305 1915 τὴν

170 1923 431 2011 Πελοπόννησον
452 1921 611 2014 εἰσῆλθον
632 1923 767 2011 ἔχοντες,
788 1929 848 2011 IX,
870 1935 909 1997 00
931 1925 1017 1992 πολι)
1037 1925 1113 2009 περὶ
1130 1921 1303 2008 μειζόνων,

171 2027 254 2111 XII,
283 2033 343 2095 250
371 2024 420 2091 ὅτι
451 2022 550 2110 λόγος
577 2021 724 2110 ὑπῆρχεν
747 2020 858 2102 αὐτοῖς
875 2020 964 2102 ἴδιος
984 2023 1038 2091 καί
1065 2022 1167 2102 καλὸς
1185 2021 1304 2106 μόνοις

169 2121 411 2212 τῶνἙλλήνων
433 2165 482 2210 -,
512 2130 568 2214 qui
597 2150 750 2192 numerus
773 2129 849 2214 quin
866 2126 961 2191 facile
983 2129 1095 2212 augeri
1116 2129 1220 2214 possit
1240 2149 1304 2191 non

171 2226 302 2291 dubium
325 2237 381 2290 est.

250 2325 428 2389 Adamavit
447 2324 618 2408 Isocrates,
641 2326 675 2390 id
697 2325 785 2413 quod
797 2327 867 2413 jam
885 2335 1216 2390 commemoraverunt
1237 2325 1303 2390 edi-

171 2435 274 2508 tores,
309 2447 461 2490 numeros
499 2424 641 2511 plurales
677 2426 952 2490 substantivorum
985 2448 1068 2512 quae
1103 2425 1214 2489 dicunt
1247 2425 1303 2489 ab·

170 2535 361 2590 stractorum
391 2526 500 2609 eisque
535 2548 617 2611 quae
649 2535 918 2590 enumeraverunt
945 2524 1051 2589 Brem.
1079 2547 1149 2590 exc.
1177 2523 1242 2588 VII
1273 2535 1304 2588 et

168 2624 293 2692 Bensel.
316 2624 359 2688 ad
374 2625 491 2711 Areop.
515 2648 545 2710 p.
564 2631 621 2691 107
637 2647 705 2712 sqq.
729 2624 920 2712 adjiciamus
943 2616 1122 2706 ἀγρυπνίαι
1143 2624 1234 2707 XIV,
1250 2631 1300 2703 28,

169 2720 295 2789 ἀδικίαι
316 2723 406 2805 VIII,
432 2731 489 2790 141
514 2727 651 2810 saepius,
675 2717 791 2808 ἀηδίαν
812 2747 840 2786 ιι.
860 2717 1039 2807 βαρύτητες
1059 2724 1135 2806 XII,
1157 2732 1205 2801 31,
1227 2717 1301 2807 ἀηδ,
1326 2794 1330 2802 ,

168 2849 196 2892 κ.
213 2819 314 2892 λόπαι
336 2824 412 2904 XII,
430 2831 498 2904 140,
519 2815 667 2903 ἀθυμίαι
689 2824 760 2905 VH,
782 2831 832 2906 55,
855 2815 1003 2899 ἀισχίναι
1016 2823 1074 2903 VI,
1093 2830 1138 2888 10.
1160 2824 1216 2906 Ν,
1236 2832 1301 2892 114.

168 2919 320 3007 ἀκαιρίαι
341 2923 416 3005 XV,
437 2929 511 3008 311,Ι
529 2915 711 2987 ἀκολασίαι
733 2923 806 3005 VH,
829 2931 878 2991 50.
902 2932 950 2990 55.
982 2915 1145 3004 ἀκρίβειαι
1168 2923 1208 3005 V,
1236 2931 1299 2989 155.

167 3024 240 3108 VH,
262 3032 311 3106 40,
340 3014 483 3104 ἀνάγκαι
502 3021 559 3100 Ν,
581 3030 629 3090 81.
651 3029 700 3098 84,
724 3013 873 3101 ίάνομίαι
894 3023 950 3105 VI,
972 3028 1021 3103 04,
1051 3013 1222 3103 ἀποβολαὶ
1241 3022 1302 3105 ΙΠ,

167 3130 222 3203 32,
250 3115 439 3208 ἀσφάλειαι
463 3121 557 3196 VIII,
586 3127 636 3203 21,
673 3113 816 3184 ἀτέλειαι
837 3121 902 3203 ΧΙ,
924 3127 971 3196 21,
1006 3113 1133 3199 ἀτυχίαι
1155 3122 1210 3200 Ν,
1234 3127 1300 3200 112,

168 3216 255 3300 ἀτυχ.
284 3245 312 3287 κ.
333 3215 553 3304 συκοφαντίαι
573 3221 654 3303 XII,
676 3227 705 3303 9,
740 3218 937 3308 βραδυυῆτες
957 3221 1015 3303 Ν,
1040 3228 1112 3303 141,
1142 3217 1300 3304 βοήθειαι

166 3323 223 3405 Ν,
247 3327 313 3387 125.
338 3321 379 3396 V,
404 3327 453 3402 31,
475 3315 571 3398 δόξαι
589 3327 676 3407 (opp.
698 3312 841 3400 ἀτιμίαι)
866 3321 921 3402 VI,
943 3325 990 3388 89.
1009 3320 1053 3398 Χ,
1072 3326 1121 3386 22.
1143 3343 1190 3406 sq.
1205 3321 1296 3396 alias,

167 3419 358 3503 δυσπραξίαι
379 3421 434 3499 Vl,
456 3426 504 3487 30.
528 3426 595 3503 102,
618 3414 785 3498 δυστυχίαι
806 3420 862 3503 Ν,
888 3427 955 3500 159,
978 3413 1156 3502 δυσχωρίαι
1170 3421 1227 3504 VI,
1249 3427 1298 3501 80,

166 3514 310 3599 ἐξουσίαι
335 3519 411 3602 XII,
440 3526 489 3602 40,
521 3514 693 3584 ἑπιείκειαι
714 3520 771 3597 Ν,
800 3526 848 3588 63.
875 3520 949 3595 VH,
974 3526 1022 3602 33,
1051 3514 1248 3605 ἐπιφάνειαι
1269 3546 1298 3588 κ.

163 3613 388 3703 λαμπρότητες
410 3619 471 3702 VI,
502 3627 574 3703 104,
607 3612 737 3705 ε’ρημίαι
762 3620 811 3702 ΙΙ,
837 3627 884 3698 47,
913 3611 1089 3701 εόπραγίαι
1108 3619 1205 3702 VIII,
1232 3627 1299 3688 124.

165 3721 240 3798 XII,
262 3724 312 3800 32,
344 3711 494 3796 εάτυχίαι
514 3720 567 3798 Ν,
592 3728 619 3785 1.
641 3720 689 3802 Χ,
712 3727 761 3800 44,
792 3712 964 3802 ἡγεμονίαι
987 3718 1044 3802 Ν,
1068 3728 1136 3803 117,
1167 3713 1297 3804 ἡυνχίαι

165 3819 253 3895 VIII,
275 3826 324 3900 51,
356 3812 535 3899 δεραπείαι
556 3819 629 3902 VII,
651 3827 699 3897 55,
729 3813 932 3903 δρασότητες
954 3818 1009 3902 Ν,
1031 3826 1080 3900 77,
1109 3821 1219 3882 κακίαι
1240 3820 1298 3902 VI,

168 3924 235 4000 102,
258 3915 453 4004 κακοηδειαι
473 3918 548 3998 XII,
574 3925 642 3999 142,
666 3914 840 4004 κακότητες
860 3919 904 4002 ΙΙ,
926 3926 976 4001 41,
998 3912 1191 4002 κακουργίαι
1207 3920 1295 3993 VIII,

165 4025 214 4099 44,
241 4012 413 4081 κοινωνίαι
432 4019 493 4102 ΙΠ,
521 4026 569 4101 40,
590 4013 706 4098 μανίαι
730 4019 821 4099 VIII,
847 4027 914 4102 141,
937 4010 1109 4101 όλιγωρίαι
1130 4017 1206 4100 XH,
1232 4025 1298 4100 111,

233 4270 258 4333 1)
279 4286 303 4320 v.
320 4269 411 4321 Brem.
429 4286 487 4322 exc.
505 4269 542 4322 X.

232 4355 258 4416 2)
275 4352 366 4406 Brem.
384 4370 442 4406 exc.
459 4351 507 4406 III.
