<?xml version="1.0" encoding="UTF-8"?>
<!DOCTYPE html PUBLIC "-//W3C//DTD XHTML 1.0 Transitional//EN"
    "http://www.w3.org/TR/xhtml1/DTD/xhtml1-transitional.dtd">
<html xmlns="http://www.w3.org/1999/xhtml" xml:lang="en" lang="en">
 <head>
  <title>
</title>
<meta http-equiv="Content-Type" content="text/html;charset=utf-8" />
  <meta name='ocr-system' content='tesseract 3.04.00' />
  <meta name='ocr-capabilities' content='ocr_page ocr_carea ocr_par ocr_line ocrx_word'/>
</head>
<body>
  <div class='ocr_page' id='page_1' title='image "./deelocutioneiso00gehlgoog_0053.png"; bbox 0 0 2946 4830; ppageno 0'>
   <div class='ocr_carea' id='block_1_1' title="bbox 751 297 790 357">
    <p class='ocr_par' dir='ltr' id='par_1_1' title="bbox 751 297 790 357">
     <span class='ocr_line' id='line_1_1' title="bbox 751 297 790 357; baseline -0.026 0"><span class='ocrx_word' id='word_1_1' title='bbox 751 297 790 357; x_wconf 83' lang='grc'>36</span> 
     </span>
    </p>
   </div>
   <div class='ocr_carea' id='block_1_2' title="bbox 204 457 1372 2446">
    <p class='ocr_par' dir='ltr' id='par_1_2' title="bbox 204 457 1372 2446">
     <span class='ocr_line' id='line_1_2' title="bbox 205 457 1341 546; baseline -0.004 -20"><span class='ocrx_word' id='word_1_2' title='bbox 205 464 305 526; x_wconf 90' lang='lat' dir='ltr'>simae</span> <span class='ocrx_word' id='word_1_3' title='bbox 327 459 478 545; x_wconf 86' lang='lat' dir='ltr'>leguntur</span> <span class='ocrx_word' id='word_1_4' title='bbox 501 461 770 546; x_wconf 88' lang='lat' dir='ltr'>comparationes,</span> <span class='ocrx_word' id='word_1_5' title='bbox 794 460 894 525; x_wconf 89' lang='lat' dir='ltr'>veluti</span> <span class='ocrx_word' id='word_1_6' title='bbox 914 459 972 542; x_wconf 90' lang='lat' dir='ltr'>IV,</span> <span class='ocrx_word' id='word_1_7' title='bbox 996 465 1044 535; x_wconf 88' lang='lat'>83,</span> <span class='ocrx_word' id='word_1_8' title='bbox 1073 458 1130 523; x_wconf 90' lang='lat' dir='ltr'>ubi</span> <span class='ocrx_word' id='word_1_9' title='bbox 1145 457 1176 524; x_wconf 90' lang='lat' dir='ltr'>I.</span> <span class='ocrx_word' id='word_1_10' title='bbox 1199 459 1341 524; x_wconf 83' lang='lat' dir='ltr'>existere</span> 
     </span>
     <span class='ocr_line' id='line_1_3' title="bbox 204 558 1372 648; baseline -0.002 -23"><span class='ocrx_word' id='word_1_11' title='bbox 204 569 301 646; x_wconf 87' lang='lat' dir='ltr'>negat</span> <span class='ocrx_word' id='word_1_12' title='bbox 314 561 402 624; x_wconf 90' lang='lat' dir='ltr'>viros</span> <span class='ocrx_word' id='word_1_13' title='bbox 418 560 464 623; x_wconf 90' lang='lat' dir='ltr'>eis</span> <span class='ocrx_word' id='word_1_14' title='bbox 484 582 591 646; x_wconf 81' lang='lat' dir='ltr'>pares,</span> <span class='ocrx_word' id='word_1_15' title='bbox 613 563 678 648; x_wconf 87' lang='lat' dir='ltr'>qui,</span> <span class='ocrx_word' id='word_1_16' title='bbox 698 583 770 626; x_wconf 88' lang='lat' dir='ltr'>oum</span> <span class='ocrx_word' id='word_1_17' title='bbox 785 562 819 625; x_wconf 92' lang='lat' dir='ltr'>in</span> <span class='ocrx_word' id='word_1_18' title='bbox 830 584 896 626; x_wconf 90' lang='lat' dir='ltr'>una</span> <span class='ocrx_word' id='word_1_19' title='bbox 908 560 1012 647; x_wconf 84' lang='lat' dir='ltr'>Troja</span> <span class='ocrx_word' id='word_1_20' title='bbox 1024 558 1105 624; x_wconf 87' lang='lat' dir='ltr'>urbe</span> <span class='ocrx_word' id='word_1_21' title='bbox 1120 559 1343 646; x_wconf 84' lang='lat' dir='ltr'>expugnanda</span> <span class='ocrx_word' id='word_1_22' title='bbox 1370 582 1372 586; x_wconf 72' lang='grc'>’</span> 
     </span>
     <span class='ocr_line' id='line_1_4' title="bbox 205 659 1344 748; baseline 0.001 -23"><span class='ocrx_word' id='word_1_23' title='bbox 205 661 317 725; x_wconf 90' lang='lat' dir='ltr'>decem</span> <span class='ocrx_word' id='word_1_24' title='bbox 332 662 408 724; x_wconf 90' lang='lat' dir='ltr'>anni</span> <span class='ocrx_word' id='word_1_25' title='bbox 424 661 487 723; x_wconf 89' lang='lat' dir='ltr'>sint</span> <span class='ocrx_word' id='word_1_26' title='bbox 502 664 695 748; x_wconf 83' lang='lat' dir='ltr'><strong>consumpti,</strong></span> <span class='ocrx_word' id='word_1_27' title='bbox 711 663 797 726; x_wconf 91' lang='lat' dir='ltr'>omni</span> <span class='ocrx_word' id='word_1_28' title='bbox 811 660 912 726; x_wconf 87' lang='lat' dir='ltr'>Asiae</span> <span class='ocrx_word' id='word_1_29' title='bbox 926 660 1074 726; x_wconf 90' lang='lat' dir='ltr'>exercitu</span> <span class='ocrx_word' id='word_1_30' title='bbox 1088 659 1182 724; x_wconf 90' lang='lat' dir='ltr'>brevi</span> <span class='ocrx_word' id='word_1_31' title='bbox 1195 668 1344 746; x_wconf 87' lang='lat' dir='ltr'>tempore</span> 
     </span>
     <span class='ocr_line' id='line_1_5' title="bbox 205 759 1343 849; baseline 0.002 -25"><span class='ocrx_word' id='word_1_32' title='bbox 205 759 376 847; x_wconf 88' lang='lat' dir='ltr'>profligato</span> <span class='ocrx_word' id='word_1_33' title='bbox 396 780 463 822; x_wconf 92' lang='lat' dir='ltr'>non</span> <span class='ocrx_word' id='word_1_34' title='bbox 482 782 559 823; x_wconf 90' lang='lat' dir='ltr'>suae</span> <span class='ocrx_word' id='word_1_35' title='bbox 591 762 726 849; x_wconf 91' lang='lat' dir='ltr'>quisque</span> <span class='ocrx_word' id='word_1_36' title='bbox 754 761 849 826; x_wconf 93' lang='lat' dir='ltr'>modo</span> <span class='ocrx_word' id='word_1_37' title='bbox 879 761 1008 848; x_wconf 86' lang='lat' dir='ltr'>patriae</span> <span class='ocrx_word' id='word_1_38' title='bbox 1031 759 1178 842; x_wconf 88' lang='lat' dir='ltr'>salutem,</span> <span class='ocrx_word' id='word_1_39' title='bbox 1201 759 1259 823; x_wconf 88' lang='lat' dir='ltr'>sed</span> <span class='ocrx_word' id='word_1_40' title='bbox 1278 760 1343 826; x_wconf 87' lang='lat' dir='ltr'>toti</span> 
     </span>
     <span class='ocr_line' id='line_1_6' title="bbox 206 858 1344 946; baseline -0.001 -21"><span class='ocrx_word' id='word_1_41' title='bbox 206 861 365 926; x_wconf 83' lang='lat' dir='ltr'>Graeciae</span> <span class='ocrx_word' id='word_1_42' title='bbox 386 858 569 923; x_wconf 86' lang='lat' dir='ltr'>libertatern</span> <span class='ocrx_word' id='word_1_43' title='bbox 596 861 887 926; x_wconf 77' lang='lat' dir='ltr'>reconciliaverint.</span> <span class='ocrx_word' id='word_1_44' title='bbox 930 861 1034 926; x_wconf 92' lang='lat' dir='ltr'>Porro</span> <span class='ocrx_word' id='word_1_45' title='bbox 1069 858 1112 923; x_wconf 88' lang='lat' dir='ltr'>ad</span> <span class='ocrx_word' id='word_1_46' title='bbox 1139 859 1344 946; x_wconf 83' lang='lat' dir='ltr'>eloquentiae</span> 
     </span>
     <span class='ocr_line' id='line_1_7' title="bbox 206 957 1344 1046; baseline 0 -21"><span class='ocrx_word' id='word_1_47' title='bbox 206 960 430 1025; x_wconf 89' lang='lat' dir='ltr'>auctoritatem</span> <span class='ocrx_word' id='word_1_48' title='bbox 452 957 711 1044; x_wconf 81' lang='lat' dir='ltr'>distinguendam</span> <span class='ocrx_word' id='word_1_49' title='bbox 735 961 836 1045; x_wconf 72' lang='lat' dir='ltr'>VIII,v</span> <span class='ocrx_word' id='word_1_50' title='bbox 853 967 903 1028; x_wconf 88' lang='grc'>30.</span> <span class='ocrx_word' id='word_1_51' title='bbox 925 967 965 1028; x_wconf 89' lang='grc'>40</span> <span class='ocrx_word' id='word_1_52' title='bbox 999 960 1173 1046; x_wconf 90' lang='lat' dir='ltr'>exponitur</span> <span class='ocrx_word' id='word_1_53' title='bbox 1194 960 1344 1046; x_wconf 85' lang='lat' dir='ltr'>corporis</span> 
     </span>
     <span class='ocr_line' id='line_1_8' title="bbox 206 1057 1343 1148; baseline 0.001 -24"><span class='ocrx_word' id='word_1_54' title='bbox 206 1060 335 1148; x_wconf 86' lang='lat' dir='ltr'>quidem</span> <span class='ocrx_word' id='word_1_55' title='bbox 357 1057 543 1124; x_wconf 89' lang='lat' dir='ltr'>morborum</span> <span class='ocrx_word' id='word_1_56' title='bbox 565 1060 667 1126; x_wconf 87' lang='lat' dir='ltr'>multa</span> <span class='ocrx_word' id='word_1_57' title='bbox 688 1084 759 1126; x_wconf 89' lang='lat' dir='ltr'>esse</span> <span class='ocrx_word' id='word_1_58' title='bbox 781 1059 937 1143; x_wconf 88' lang='lat' dir='ltr'>remedia,</span> <span class='ocrx_word' id='word_1_59' title='bbox 968 1058 1025 1125; x_wconf 88' lang='lat' dir='ltr'>sed</span> <span class='ocrx_word' id='word_1_60' title='bbox 1054 1061 1170 1126; x_wconf 85' lang='lat' dir='ltr'>animis</span> <span class='ocrx_word' id='word_1_61' title='bbox 1199 1061 1343 1146; x_wconf 79' lang='lat' dir='ltr'>aegrotis</span> 
     </span>
     <span class='ocr_line' id='line_1_9' title="bbox 205 1160 1340 1248; baseline 0.001 -24"><span class='ocrx_word' id='word_1_62' title='bbox 205 1160 286 1224; x_wconf 89' lang='lat' dir='ltr'>nihil</span> <span class='ocrx_word' id='word_1_63' title='bbox 299 1161 438 1225; x_wconf 88' lang='lat' dir='ltr'>existere</span> <span class='ocrx_word' id='word_1_64' title='bbox 449 1160 630 1225; x_wconf 90' lang='lat' dir='ltr'>medicinae</span> <span class='ocrx_word' id='word_1_65' title='bbox 642 1162 706 1225; x_wconf 89' lang='lat' dir='ltr'>nisi</span> <span class='ocrx_word' id='word_1_66' title='bbox 719 1162 897 1227; x_wconf 89' lang='lat' dir='ltr'>orationem</span> <span class='ocrx_word' id='word_1_67' title='bbox 910 1183 996 1248; x_wconf 89' lang='lat' dir='ltr'>quae</span> <span class='ocrx_word' id='word_1_68' title='bbox 1011 1170 1184 1247; x_wconf 89' lang='lat' dir='ltr'>peccantes</span> <span class='ocrx_word' id='word_1_69' title='bbox 1199 1161 1340 1247; x_wconf 86' lang='lat' dir='ltr'>castiget</span> 
     </span>
     <span class='ocr_line' id='line_1_10' title="bbox 207 1258 1343 1349; baseline 0.002 -25"><span class='ocrx_word' id='word_1_70' title='bbox 207 1281 306 1347; x_wconf 89' lang='lat' dir='ltr'>quare</span> <span class='ocrx_word' id='word_1_71' title='bbox 334 1258 507 1325; x_wconf 90' lang='lat' dir='ltr'>ridiculum</span> <span class='ocrx_word' id='word_1_72' title='bbox 536 1283 606 1325; x_wconf 89' lang='lat' dir='ltr'>esse</span> <span class='ocrx_word' id='word_1_73' title='bbox 634 1260 722 1349; x_wconf 91' lang='lat' dir='ltr'>quod</span> <span class='ocrx_word' id='word_1_74' title='bbox 749 1284 821 1327; x_wconf 91' lang='lat' dir='ltr'>cum</span> <span class='ocrx_word' id='word_1_75' title='bbox 842 1260 960 1335; x_wconf 89' lang='lat' dir='ltr'>medici</span> <span class='ocrx_word' id='word_1_76' title='bbox 982 1269 1113 1325; x_wconf 90' lang='lat' dir='ltr'>urentes</span> <span class='ocrx_word' id='word_1_77' title='bbox 1135 1283 1173 1326; x_wconf 93' lang='lat' dir='ltr'>ac</span> <span class='ocrx_word' id='word_1_78' title='bbox 1195 1271 1343 1326; x_wconf 88' lang='lat' dir='ltr'>secantes</span> 
     </span>
     <span class='ocr_line' id='line_1_11' title="bbox 208 1361 1343 1448; baseline 0.003 -24"><span class='ocrx_word' id='word_1_79' title='bbox 208 1363 438 1435; x_wconf 86' lang='lat' dir='ltr'>sustineantur,</span> <span class='ocrx_word' id='word_1_80' title='bbox 465 1361 635 1443; x_wconf 73' lang='lat' dir='ltr'>orationeS,</span> <span class='ocrx_word' id='word_1_81' title='bbox 658 1363 848 1448; x_wconf 88' lang='lat' dir='ltr'>priusquam</span> <span class='ocrx_word' id='word_1_82' title='bbox 866 1362 1014 1446; x_wconf 81' lang='lat' dir='ltr'>cognitae</span> <span class='ocrx_word' id='word_1_83' title='bbox 1028 1362 1099 1439; x_wconf 85' lang='lat' dir='ltr'>sint,</span> <span class='ocrx_word' id='word_1_84' title='bbox 1116 1361 1343 1447; x_wconf 88' lang='lat' dir='ltr'>reprobentur.</span> 
     </span>
     <span class='ocr_line' id='line_1_12' title="bbox 206 1460 1342 1549; baseline 0.002 -25"><span class='ocrx_word' id='word_1_85' title='bbox 206 1461 283 1543; x_wconf 85' lang='lat' dir='ltr'>XII,</span> <span class='ocrx_word' id='word_1_86' title='bbox 308 1467 345 1528; x_wconf 97' lang='grc'>10</span> <span class='ocrx_word' id='word_1_87' title='bbox 374 1460 430 1547; x_wconf 90' lang='lat' dir='ltr'>qui</span> <span class='ocrx_word' id='word_1_88' title='bbox 456 1481 516 1524; x_wconf 88' lang='lat' dir='ltr'>nee</span> <span class='ocrx_word' id='word_1_89' title='bbox 538 1482 652 1525; x_wconf 90' lang='lat' dir='ltr'>vocem</span> <span class='ocrx_word' id='word_1_90' title='bbox 678 1471 791 1548; x_wconf 89' lang='lat' dir='ltr'>aptam</span> <span class='ocrx_word' id='word_1_91' title='bbox 817 1484 921 1549; x_wconf 89' lang='lat' dir='ltr'>neque</span> <span class='ocrx_word' id='word_1_92' title='bbox 948 1460 1119 1526; x_wconf 88' lang='lat' dir='ltr'>audaciam</span> <span class='ocrx_word' id='word_1_93' title='bbox 1146 1461 1233 1525; x_wconf 88' lang='lat' dir='ltr'>nacti</span> <span class='ocrx_word' id='word_1_94' title='bbox 1256 1470 1342 1545; x_wconf 87' lang='lat' dir='ltr'>sunt,</span> 
     </span>
     <span class='ocr_line' id='line_1_13' title="bbox 207 1559 1343 1650; baseline -0.001 -25"><span class='ocrx_word' id='word_1_95' title='bbox 207 1562 232 1625; x_wconf 89' lang='lat' dir='ltr'>ii</span> <span class='ocrx_word' id='word_1_96' title='bbox 246 1559 496 1645; x_wconf 87' lang='lat' dir='ltr'>contemptiores</span> <span class='ocrx_word' id='word_1_97' title='bbox 514 1559 682 1625; x_wconf 89' lang='lat' dir='ltr'>ambulare</span> <span class='ocrx_word' id='word_1_98' title='bbox 698 1560 847 1626; x_wconf 90' lang='lat' dir='ltr'>dicuntur</span> <span class='ocrx_word' id='word_1_99' title='bbox 863 1584 961 1649; x_wconf 92' lang='lat' dir='ltr'>quam</span> <span class='ocrx_word' id='word_1_100' title='bbox 973 1564 1029 1650; x_wconf 91' lang='lat' dir='ltr'>qui</span> <span class='ocrx_word' id='word_1_101' title='bbox 1044 1560 1177 1626; x_wconf 85' lang='lat' dir='ltr'>multam</span> <span class='ocrx_word' id='word_1_102' title='bbox 1187 1560 1343 1648; x_wconf 89' lang='lat' dir='ltr'>reipubli-</span> 
     </span>
     <span class='ocr_line' id='line_1_14' title="bbox 208 1657 1343 1752; baseline 0.002 -28"><span class='ocrx_word' id='word_1_103' title='bbox 208 1683 265 1724; x_wconf 89' lang='lat' dir='ltr'>cae</span> <span class='ocrx_word' id='word_1_104' title='bbox 295 1657 451 1742; x_wconf 90' lang='lat' dir='ltr'>debeant,</span> <span class='ocrx_word' id='word_1_105' title='bbox 484 1661 606 1752; x_wconf 87' lang='lat' dir='ltr'>quippe</span> <span class='ocrx_word' id='word_1_106' title='bbox 636 1660 753 1748; x_wconf 90' lang='lat' dir='ltr'>quibus</span> <span class='ocrx_word' id='word_1_107' title='bbox 782 1684 856 1748; x_wconf 90' lang='lat' dir='ltr'>spes</span> <span class='ocrx_word' id='word_1_108' title='bbox 879 1662 1019 1747; x_wconf 83' lang='lat' dir='ltr'>supersit</span> <span class='ocrx_word' id='word_1_109' title='bbox 1045 1661 1114 1726; x_wconf 88' lang='lat' dir='ltr'>fore</span> <span class='ocrx_word' id='word_1_110' title='bbox 1140 1669 1175 1725; x_wconf 91' lang='lat' dir='ltr'>ut</span> <span class='ocrx_word' id='word_1_111' title='bbox 1197 1660 1343 1726; x_wconf 90' lang='lat' dir='ltr'>debitum</span> 
     </span>
     <span class='ocr_line' id='line_1_15' title="bbox 208 1758 1343 1848; baseline 0.003 -25"><span class='ocrx_word' id='word_1_112' title='bbox 208 1758 406 1846; x_wconf 86' lang='lat' dir='ltr'>persolvant,</span> <span class='ocrx_word' id='word_1_113' title='bbox 433 1780 506 1824; x_wconf 91' lang='lat' dir='ltr'>eum</span> <span class='ocrx_word' id='word_1_114' title='bbox 530 1760 577 1824; x_wconf 96' lang='lat' dir='ltr'>illi</span> <span class='ocrx_word' id='word_1_115' title='bbox 599 1770 749 1825; x_wconf 89' lang='lat' dir='ltr'>naturam</span> <span class='ocrx_word' id='word_1_116' title='bbox 773 1769 898 1827; x_wconf 91' lang='lat' dir='ltr'>mutare</span> <span class='ocrx_word' id='word_1_117' title='bbox 915 1783 1090 1848; x_wconf 90' lang='lat' dir='ltr'>numquam</span> <span class='ocrx_word' id='word_1_118' title='bbox 1109 1760 1244 1847; x_wconf 88' lang='lat' dir='ltr'>possint.</span> <span class='ocrx_word' id='word_1_119' title='bbox 1279 1761 1343 1826; x_wconf 92' lang='lat' dir='ltr'>Po·</span> 
     </span>
     <span class='ocr_line' id='line_1_16' title="bbox 208 1860 1341 1948; baseline 0.003 -25"><span class='ocrx_word' id='word_1_120' title='bbox 208 1868 325 1924; x_wconf 89' lang='lat' dir='ltr'>stremo</span> <span class='ocrx_word' id='word_1_121' title='bbox 349 1860 525 1924; x_wconf 84' lang='lat' dir='ltr'>afferantur</span> <span class='ocrx_word' id='word_1_122' title='bbox 547 1883 586 1924; x_wconf 91' lang='lat' dir='ltr'>ea</span> <span class='ocrx_word' id='word_1_123' title='bbox 607 1884 689 1948; x_wconf 92' lang='lat' dir='ltr'>quae</span> <span class='ocrx_word' id='word_1_124' title='bbox 709 1861 783 1935; x_wconf 87' lang='lat' dir='ltr'>XV,</span> <span class='ocrx_word' id='word_1_125' title='bbox 805 1869 824 1927; x_wconf 88' lang='lat'><strong>7</strong></span> <span class='ocrx_word' id='word_1_126' title='bbox 846 1861 935 1926; x_wconf 89' lang='lat' dir='ltr'>dese</span> <span class='ocrx_word' id='word_1_127' title='bbox 956 1863 1028 1947; x_wconf 90' lang='lat' dir='ltr'>ipse</span> <span class='ocrx_word' id='word_1_128' title='bbox 1044 1863 1068 1928; x_wconf 90' lang='lat' dir='ltr'>I.</span> <span class='ocrx_word' id='word_1_129' title='bbox 1089 1860 1255 1947; x_wconf 86' lang='lat' dir='ltr'>professus</span> <span class='ocrx_word' id='word_1_130' title='bbox 1278 1869 1341 1926; x_wconf 83' lang='lat' dir='ltr'>est:</span> 
     </span>
     <span class='ocr_line' id='line_1_17' title="bbox 208 1952 1343 2044; baseline 0.001 -23"><span class='ocrx_word' id='word_1_131' title='bbox 208 1952 434 2039; x_wconf 77' lang='grc' dir='ltr'><strong><em>σκοπούμενος</em></strong></span> <span class='ocrx_word' id='word_1_132' title='bbox 448 1953 599 2044; x_wconf 76' lang='grc' dir='ltr'><strong><em>εὕρισκον</em></strong></span> <span class='ocrx_word' id='word_1_133' title='bbox 615 1953 774 2041; x_wconf 77' lang='grc' dir='ltr'><strong><em>οὐδαμῶς</em></strong></span> <span class='ocrx_word' id='word_1_134' title='bbox 789 1952 829 2022; x_wconf 73' lang='grc' dir='ltr'>ἂν</span> <span class='ocrx_word' id='word_1_135' title='bbox 843 1958 951 2036; x_wconf 85' lang='grc' dir='ltr'><strong><em>άλλως</em></strong></span> <span class='ocrx_word' id='word_1_136' title='bbox 964 1962 1061 2023; x_wconf 80' lang='grc' dir='ltr'><strong><em>τοῦτο</em></strong></span> <span class='ocrx_word' id='word_1_137' title='bbox 1075 1953 1343 2042; x_wconf 81' lang='grc' dir='ltr'><strong><em>διαπραξάμενος</em></strong></span> 
     </span>
     <span class='ocr_line' id='line_1_18' title="bbox 208 2053 1343 2146; baseline -0.001 -23"><span class='ocrx_word' id='word_1_138' title='bbox 208 2067 262 2138; x_wconf 83' lang='lat' dir='ltr'>(sc.</span> <span class='ocrx_word' id='word_1_139' title='bbox 290 2054 331 2120; x_wconf 85' lang='grc' dir='ltr'>τά</span> <span class='ocrx_word' id='word_1_140' title='bbox 356 2057 431 2141; x_wconf 85' lang='grc' dir='ltr'><strong><em>περὶ</em></strong></span> <span class='ocrx_word' id='word_1_141' title='bbox 458 2053 516 2140; x_wconf 78' lang='grc' dir='ltr'>ἐμὲ</span> <span class='ocrx_word' id='word_1_142' title='bbox 547 2053 733 2146; x_wconf 78' lang='grc' dir='ltr'><em>δηλώσων),</em></span> <span class='ocrx_word' id='word_1_143' title='bbox 765 2057 856 2142; x_wconf 73' lang='grc' dir='ltr'><strong><em>πλὴν</em></strong></span> <span class='ocrx_word' id='word_1_144' title='bbox 885 2053 915 2122; x_wconf 83' lang='grc' dir='ltr'>εἰ</span> <span class='ocrx_word' id='word_1_145' title='bbox 943 2061 1079 2146; x_wconf 85' lang='grc' dir='ltr'><strong><em>γραφείη</em></strong></span> <span class='ocrx_word' id='word_1_146' title='bbox 1106 2055 1203 2142; x_wconf 80' lang='grc' dir='ltr'><strong><em>λόγος</em></strong></span> <span class='ocrx_word' id='word_1_147' title='bbox 1230 2054 1343 2143; x_wconf 81' lang='grc' dir='ltr'><strong><em>ὥσπερ</em></strong></span> 
     </span>
     <span class='ocr_line' id='line_1_19' title="bbox 207 2150 1342 2244; baseline 0.001 -23"><span class='ocrx_word' id='word_1_148' title='bbox 207 2150 307 2221; x_wconf 72' lang='grc' dir='ltr'><strong><em>εἰκών</em></strong></span> <span class='ocrx_word' id='word_1_149' title='bbox 324 2154 382 2243; x_wconf 58' lang='grc' dir='ltr'><strong><em>’τὴς</em></strong></span> <span class='ocrx_word' id='word_1_150' title='bbox 403 2153 481 2244; x_wconf 73' lang='grc' dir='ltr'><strong><em>ἐμῆς</em></strong></span> <span class='ocrx_word' id='word_1_151' title='bbox 503 2152 653 2235; x_wconf 80' lang='grc' dir='ltr'><strong><em>διανοίας</em></strong></span> <span class='ocrx_word' id='word_1_152' title='bbox 675 2155 817 2222; x_wconf 77' lang='grc' dir='ltr'><strong><em>καὶτῶν</em></strong></span> <span class='ocrx_word' id='word_1_153' title='bbox 839 2152 1027 2222; x_wconf 79' lang='grc' dir='ltr'><strong><em>άλλωντῶν</em></strong></span> <span class='ocrx_word' id='word_1_154' title='bbox 1044 2154 1261 2242; x_wconf 81' lang='grc' dir='ltr'><strong><em>βεβνωμὲνων·</em></strong></span> <span class='ocrx_word' id='word_1_155' title='bbox 1284 2156 1342 2222; x_wconf 86' lang='grc' dir='ltr'>διά</span> 
     </span>
     <span class='ocr_line' id='line_1_20' title="bbox 207 2249 1342 2342; baseline 0.003 -22"><span class='ocrx_word' id='word_1_156' title='bbox 207 2250 324 2322; x_wconf 81' lang='grc' dir='ltr'><strong><em>τούτου</em></strong></span> <span class='ocrx_word' id='word_1_157' title='bbox 338 2254 400 2340; x_wconf 86' lang='grc' dir='ltr'>γάρ</span> <span class='ocrx_word' id='word_1_158' title='bbox 421 2249 565 2340; x_wconf 71' lang='grc' dir='ltr'><strong><em>ἤλπιζον</em></strong></span> <span class='ocrx_word' id='word_1_159' title='bbox 578 2256 633 2323; x_wconf 87' lang='grc' dir='ltr'>καὶ</span> <span class='ocrx_word' id='word_1_160' title='bbox 647 2256 686 2322; x_wconf 87' lang='grc' dir='ltr'>τά</span> <span class='ocrx_word' id='word_1_161' title='bbox 701 2255 777 2341; x_wconf 83' lang='grc' dir='ltr'><strong><em>,περὶ</em></strong></span> <span class='ocrx_word' id='word_1_162' title='bbox 793 2254 848 2340; x_wconf 77' lang='grc' dir='ltr'>ἐμὲ</span> <span class='ocrx_word' id='word_1_163' title='bbox 863 2253 1009 2340; x_wconf 87' lang='grc' dir='ltr'><strong><em>μάλιστα</em></strong></span> <span class='ocrx_word' id='word_1_164' title='bbox 1021 2257 1271 2342; x_wconf 71' lang='grc' dir='ltr'><strong><em>γνωσθήσεσθαι</em></strong></span> <span class='ocrx_word' id='word_1_165' title='bbox 1284 2255 1342 2323; x_wconf 79' lang='grc' dir='ltr'>καί</span> 
     </span>
     <span class='ocr_line' id='line_1_21' title="bbox 207 2349 1343 2446; baseline 0 -24"><span class='ocrx_word' id='word_1_166' title='bbox 207 2355 264 2423; x_wconf 83' lang='grc' dir='ltr'>τὸν</span> <span class='ocrx_word' id='word_1_167' title='bbox 298 2349 399 2422; x_wconf 76' lang='grc' dir='ltr'><strong><em>αὐτὸν</em></strong></span> <span class='ocrx_word' id='word_1_168' title='bbox 431 2359 548 2421; x_wconf 80' lang='grc' dir='ltr'><strong><em>τοῦτον</em></strong></span> <span class='ocrx_word' id='word_1_169' title='bbox 581 2353 779 2443; x_wconf 78' lang='grc' dir='ltr'><strong><em>μνημεῖόν</em></strong></span> <span class='ocrx_word' id='word_1_170' title='bbox 812 2381 890 2441; x_wconf 84' lang='grc' dir='ltr'>μου</span> <span class='ocrx_word' id='word_1_171' title='bbox 926 2353 1343 2446; x_wconf 69' lang='grc' dir='ltr'><strong><em>καταλειφθήσεσδαι</em></strong></span> 
     </span>
    </p>
   </div>
   <div class='ocr_carea' id='block_1_3' title="bbox 208 2451 1342 2747">
    <p class='ocr_par' dir='ltr' id='par_1_3' title="bbox 208 2451 1342 2747">
     <span class='ocr_line' id='line_1_22' title="bbox 208 2451 1342 2546; baseline 0.004 -25"><span class='ocrx_word' id='word_1_172' title='bbox 208 2456 311 2523; x_wconf 78' lang='grc' dir='ltr'><strong><em>πολὺ</em></strong></span> <span class='ocrx_word' id='word_1_173' title='bbox 334 2456 508 2542; x_wconf 92' lang='grc' dir='ltr'><strong><em>κάλλιον</em></strong></span> <span class='ocrx_word' id='word_1_174' title='bbox 528 2461 604 2522; x_wconf 77' lang='grc' dir='ltr'>τῶν</span> <span class='ocrx_word' id='word_1_175' title='bbox 629 2457 790 2537; x_wconf 80' lang='grc' dir='ltr'><strong><em>χαλκῶν</em></strong></span> <span class='ocrx_word' id='word_1_176' title='bbox 810 2451 1109 2544; x_wconf 67' lang='grc' dir='ltr'><strong><em>ἀναθημάτων,</em></strong></span> <span class='ocrx_word' id='word_1_177' title='bbox 1131 2460 1247 2546; x_wconf 91' lang='lat' dir='ltr'>quibus</span> <span class='ocrx_word' id='word_1_178' title='bbox 1268 2482 1342 2546; x_wconf 91' lang='lat' dir='ltr'>per-</span> 
     </span>
     <span class='ocr_line' id='line_1_23' title="bbox 208 2559 1342 2648; baseline 0.002 -25"><span class='ocrx_word' id='word_1_179' title='bbox 208 2559 298 2625; x_wconf 90' lang='lat' dir='ltr'>lectis</span> <span class='ocrx_word' id='word_1_180' title='bbox 314 2562 386 2648; x_wconf 89' lang='lat' dir='ltr'>quis</span> <span class='ocrx_word' id='word_1_181' title='bbox 408 2568 457 2624; x_wconf 90' lang='lat' dir='ltr'>est</span> <span class='ocrx_word' id='word_1_182' title='bbox 479 2560 529 2623; x_wconf 94' lang='lat' dir='ltr'>cui</span> <span class='ocrx_word' id='word_1_183' title='bbox 549 2582 615 2647; x_wconf 89' lang='lat' dir='ltr'>non</span> <span class='ocrx_word' id='word_1_184' title='bbox 635 2561 668 2624; x_wconf 91' lang='lat' dir='ltr'>in</span> <span class='ocrx_word' id='word_1_185' title='bbox 682 2570 821 2625; x_wconf 89' lang='lat' dir='ltr'>mentem</span> <span class='ocrx_word' id='word_1_186' title='bbox 836 2562 947 2625; x_wconf 89' lang='lat' dir='ltr'>veniat</span> <span class='ocrx_word' id='word_1_187' title='bbox 962 2561 1128 2647; x_wconf 83' lang='lat' dir='ltr'>egregium</span> <span class='ocrx_word' id='word_1_188' title='bbox 1143 2559 1223 2625; x_wconf 94' lang='lat' dir='ltr'>illud</span> <span class='ocrx_word' id='word_1_189' title='bbox 1236 2560 1342 2625; x_wconf 87' lang='lat' dir='ltr'>Hora-</span> 
     </span>
     <span class='ocr_line' id='line_1_24' title="bbox 210 2659 1100 2747; baseline 0.001 -23"><span class='ocrx_word' id='word_1_190' title='bbox 210 2661 334 2724; x_wconf 91' lang='lat' dir='ltr'>tianum</span> <span class='ocrx_word' id='word_1_191' title='bbox 347 2661 384 2739; x_wconf 87' lang='lat'>¹):</span> <span class='ocrx_word' id='word_1_192' title='bbox 444 2659 551 2745; x_wconf 84' lang='lat' dir='ltr'>Exegi</span> <span class='ocrx_word' id='word_1_193' title='bbox 570 2670 810 2726; x_wconf 91' lang='lat' dir='ltr'>monumentum</span> <span class='ocrx_word' id='word_1_194' title='bbox 831 2683 905 2725; x_wconf 87' lang='lat' dir='ltr'>aere</span> <span class='ocrx_word' id='word_1_195' title='bbox 923 2661 1100 2747; x_wconf 51' lang='lat' dir='ltr'>,perennius</span> 
     </span>
    </p>
   </div>
   <div class='ocr_carea' id='block_1_4' title="bbox 211 2759 1343 2943">
    <p class='ocr_par' dir='ltr' id='par_1_4' title="bbox 211 2759 1343 2943">
     <span class='ocr_line' id='line_1_25' title="bbox 449 2759 1176 2847; baseline 0 -24"><span class='ocrx_word' id='word_1_196' title='bbox 449 2759 628 2847; x_wconf 86' lang='lat' dir='ltr'>Regalique</span> <span class='ocrx_word' id='word_1_197' title='bbox 651 2762 715 2825; x_wconf 90' lang='lat' dir='ltr'>situ</span> <span class='ocrx_word' id='word_1_198' title='bbox 736 2759 942 2847; x_wconf 88' lang='lat' dir='ltr'>pyramidum</span> <span class='ocrx_word' id='word_1_199' title='bbox 964 2759 1060 2825; x_wconf 90' lang='lat' dir='ltr'>altius</span> <span class='ocrx_word' id='word_1_200' title='bbox 1084 2767 1115 2824; x_wconf 91' lang='lat' dir='ltr'>et</span> <span class='ocrx_word' id='word_1_201' title='bbox 1135 2796 1176 2807; x_wconf 90' lang='lat'><em>-</em></span> 
     </span>
     <span class='ocr_line' id='line_1_26' title="bbox 211 2858 1343 2943; baseline 0.002 -19"><span class='ocrx_word' id='word_1_202' title='bbox 211 2858 363 2924; x_wconf 73' lang='lat' dir='ltr'>Ceterum</span> <span class='ocrx_word' id='word_1_203' title='bbox 390 2859 520 2924; x_wconf 69' lang='lat' dir='ltr'>molvas</span> <span class='ocrx_word' id='word_1_204' title='bbox 542 2859 599 2943; x_wconf 87' lang='lat' dir='ltr'>VI,</span> <span class='ocrx_word' id='word_1_205' title='bbox 626 2866 675 2926; x_wconf 82' lang='lat'>92.</span> <span class='ocrx_word' id='word_1_206' title='bbox 707 2864 772 2927; x_wconf 88' lang='lat'>106.</span> <span class='ocrx_word' id='word_1_207' title='bbox 804 2859 894 2943; x_wconf 85' lang='lat' dir='ltr'>VIII,</span> <span class='ocrx_word' id='word_1_208' title='bbox 916 2865 965 2926; x_wconf 86' lang='grc'>34.</span> <span class='ocrx_word' id='word_1_209' title='bbox 998 2865 1065 2927; x_wconf 87' lang='lat'>103.</span> <span class='ocrx_word' id='word_1_210' title='bbox 1095 2865 1162 2926; x_wconf 88' lang='grc'><strong>143.</strong></span> <span class='ocrx_word' id='word_1_211' title='bbox 1193 2858 1261 2936; x_wconf 88' lang='grc' dir='ltr'>ΙΧ,</span> <span class='ocrx_word' id='word_1_212' title='bbox 1293 2866 1343 2926; x_wconf 86' lang='grc'>79.</span> 
     </span>
    </p>
   </div>
   <div class='ocr_carea' id='block_1_5' title="bbox 209 2957 1342 3148">
    <p class='ocr_par' dir='ltr' id='par_1_5' title="bbox 209 2957 1342 3148">
     <span class='ocr_line' id='line_1_27' title="bbox 209 2957 1218 3038; baseline 0.002 -17"><span class='ocrx_word' id='word_1_213' title='bbox 209 2957 285 3038; x_wconf 89' lang='lat' dir='ltr'>XII,</span> <span class='ocrx_word' id='word_1_214' title='bbox 312 2964 377 3024; x_wconf 83' lang='lat'>121.</span> <span class='ocrx_word' id='word_1_215' title='bbox 401 2959 475 3038; x_wconf 85' lang='lat' dir='ltr'>XV,</span> <span class='ocrx_word' id='word_1_216' title='bbox 500 2965 568 3027; x_wconf 83' lang='lat'>163.</span> <span class='ocrx_word' id='word_1_217' title='bbox 593 2966 660 3036; x_wconf 84' lang='lat'>172,</span> <span class='ocrx_word' id='word_1_218' title='bbox 685 2959 765 3025; x_wconf 92' lang='lat' dir='ltr'>alios</span> <span class='ocrx_word' id='word_1_219' title='bbox 788 2960 875 3024; x_wconf 90' lang='lat' dir='ltr'>locos</span> <span class='ocrx_word' id='word_1_220' title='bbox 897 2957 1156 3024; x_wconf 90' lang='lat' dir='ltr'>innumerabiles.</span> <span class='ocrx_word' id='word_1_221' title='bbox 1179 2995 1218 3004; x_wconf 87' lang='lat'><em>-</em></span> 
     </span>
     <span class='ocr_line' id='line_1_28' title="bbox 293 3053 1342 3148; baseline 0.005 -28"><span class='ocrx_word' id='word_1_222' title='bbox 293 3058 454 3144; x_wconf 85' lang='lat' dir='ltr'>Sequitur,</span> <span class='ocrx_word' id='word_1_223' title='bbox 470 3067 506 3123; x_wconf 91' lang='lat' dir='ltr'>ut</span> <span class='ocrx_word' id='word_1_224' title='bbox 522 3059 562 3123; x_wconf 93' lang='lat' dir='ltr'>de</span> <span class='ocrx_word' id='word_1_225' title='bbox 575 3062 647 3146; x_wconf 92' lang='lat' dir='ltr'>ipso</span> <span class='ocrx_word' id='word_1_226' title='bbox 669 3053 919 3124; x_wconf 86' lang='lat' dir='ltr'>incremento</span> <span class='ocrx_word' id='word_1_227' title='bbox 941 3058 1043 3124; x_wconf 90' lang='lat' dir='ltr'>verba</span> <span class='ocrx_word' id='word_1_228' title='bbox 1063 3059 1231 3134; x_wconf 82' lang='lat' dir='ltr'>faciamus,</span> <span class='ocrx_word' id='word_1_229' title='bbox 1250 3061 1342 3148; x_wconf 88' lang='lat' dir='ltr'>cujus</span> 
     </span>
    </p>
   </div>
   <div class='ocr_carea' id='block_1_6' title="bbox 207 3156 1343 4242">
    <p class='ocr_par' dir='ltr' id='par_1_6' title="bbox 207 3156 1343 4242">
     <span class='ocr_line' id='line_1_29' title="bbox 211 3156 1342 3244; baseline 0.002 -22"><span class='ocrx_word' id='word_1_230' title='bbox 211 3156 341 3244; x_wconf 89' lang='lat' dir='ltr'>quidem</span> <span class='ocrx_word' id='word_1_231' title='bbox 364 3157 605 3244; x_wconf 89' lang='lat' dir='ltr'>simplicissima</span> <span class='ocrx_word' id='word_1_232' title='bbox 631 3163 714 3224; x_wconf 90' lang='lat' dir='ltr'>ratio</span> <span class='ocrx_word' id='word_1_233' title='bbox 736 3158 824 3224; x_wconf 90' lang='lat' dir='ltr'>haud</span> <span class='ocrx_word' id='word_1_234' title='bbox 846 3158 944 3223; x_wconf 94' lang='lat' dir='ltr'>dubio</span> <span class='ocrx_word' id='word_1_235' title='bbox 967 3182 1004 3224; x_wconf 91' lang='lat' dir='ltr'>eo</span> <span class='ocrx_word' id='word_1_236' title='bbox 1028 3159 1174 3236; x_wconf 89' lang='lat' dir='ltr'>efficitur,</span> <span class='ocrx_word' id='word_1_237' title='bbox 1204 3168 1241 3224; x_wconf 92' lang='lat' dir='ltr'>ut</span> <span class='ocrx_word' id='word_1_238' title='bbox 1267 3182 1342 3244; x_wconf 87' lang='lat' dir='ltr'>gra·</span> 
     </span>
     <span class='ocr_line' id='line_1_30' title="bbox 209 3257 1342 3334; baseline 0.003 -14"><span class='ocrx_word' id='word_1_239' title='bbox 209 3257 356 3321; x_wconf 90' lang='lat' dir='ltr'>vioribus</span> <span class='ocrx_word' id='word_1_240' title='bbox 388 3257 620 3323; x_wconf 87' lang='lat' dir='ltr'>elocutionibus</span> <span class='ocrx_word' id='word_1_241' title='bbox 642 3261 830 3334; x_wconf 83' lang='lat' dir='ltr'>contrariae,</span> <span class='ocrx_word' id='word_1_242' title='bbox 860 3259 959 3323; x_wconf 91' lang='lat' dir='ltr'>veluti</span> <span class='ocrx_word' id='word_1_243' title='bbox 995 3261 1174 3324; x_wconf 86' lang='lat' dir='ltr'>sexcenties</span> <span class='ocrx_word' id='word_1_244' title='bbox 1204 3258 1245 3323; x_wconf 90' lang='lat' dir='ltr'>ab</span> <span class='ocrx_word' id='word_1_245' title='bbox 1273 3260 1342 3324; x_wconf 88' lang='lat' dir='ltr'>Iso·</span> 
     </span>
     <span class='ocr_line' id='line_1_31' title="bbox 210 3351 1343 3444; baseline 0 -22"><span class='ocrx_word' id='word_1_246' title='bbox 210 3366 309 3432; x_wconf 87' lang='lat' dir='ltr'>crate,</span> <span class='ocrx_word' id='word_1_247' title='bbox 334 3368 548 3444; x_wconf 88' lang='lat' dir='ltr'>opponantur.</span> <span class='ocrx_word' id='word_1_248' title='bbox 591 3358 711 3424; x_wconf 84' lang='lat' dir='ltr'>Confer</span> <span class='ocrx_word' id='word_1_249' title='bbox 731 3360 771 3435; x_wconf 89' lang='lat' dir='ltr'>V,</span> <span class='ocrx_word' id='word_1_250' title='bbox 799 3366 856 3426; x_wconf 88' lang='grc'>100</span> <span class='ocrx_word' id='word_1_251' title='bbox 880 3351 947 3444; x_wconf 81' lang='grc' dir='ltr'>ὁρῶ</span> <span class='ocrx_word' id='word_1_252' title='bbox 971 3355 1029 3423; x_wconf 87' lang='grc' dir='ltr'>τὸν</span> <span class='ocrx_word' id='word_1_253' title='bbox 1057 3355 1169 3438; x_wconf 85' lang='grc' dir='ltr'><strong><em>τόπον,</em></strong></span> <span class='ocrx_word' id='word_1_254' title='bbox 1199 3351 1247 3423; x_wconf 82' lang='lat' dir='ltr'>ov&#39;</span> <span class='ocrx_word' id='word_1_255' title='bbox 1275 3381 1343 3439; x_wconf 90' lang='grc' dir='ltr'>μι-</span> 
     </span>
     <span class='ocr_line' id='line_1_32' title="bbox 209 3449 1343 3538; baseline 0 -18"><span class='ocrx_word' id='word_1_256' title='bbox 209 3452 302 3538; x_wconf 87' lang='grc' dir='ltr'><strong><em>κρὸν</em></strong></span> <span class='ocrx_word' id='word_1_257' title='bbox 335 3449 424 3522; x_wconf 80' lang='grc' dir='ltr'><strong><em>οὐδὲ</em></strong></span> <span class='ocrx_word' id='word_1_258' title='bbox 457 3455 571 3522; x_wconf 80' lang='grc' dir='ltr'><strong><em>κενὸν</em></strong></span> <span class='ocrx_word' id='word_1_259' title='bbox 606 3452 688 3522; x_wconf 86' lang='grc' dir='ltr'><strong><em>άλλά</em></strong></span> <span class='ocrx_word' id='word_1_260' title='bbox 716 3457 879 3522; x_wconf 79' lang='grc' dir='ltr'><strong><em>πολλῶν</em></strong></span> <span class='ocrx_word' id='word_1_261' title='bbox 907 3452 1089 3522; x_wconf 80' lang='grc' dir='ltr'><strong><em>ἐπαίνων</em></strong></span> <span class='ocrx_word' id='word_1_262' title='bbox 1117 3454 1183 3523; x_wconf 86' lang='grc' dir='ltr'>καὶ</span> <span class='ocrx_word' id='word_1_263' title='bbox 1208 3455 1343 3521; x_wconf 85' lang='grc' dir='ltr'><strong><em>καλῶν</em></strong></span> 
     </span>
     <span class='ocr_line' id='line_1_33' title="bbox 209 3548 1342 3640; baseline 0 -22"><span class='ocrx_word' id='word_1_264' title='bbox 209 3550 392 3636; x_wconf 83' lang='grc' dir='ltr'><strong><em>πράξεων</em></strong></span> <span class='ocrx_word' id='word_1_265' title='bbox 422 3554 596 3640; x_wconf 81' lang='grc' dir='ltr'><strong><em>γέμοντα</em></strong></span> <span class='ocrx_word' id='word_1_266' title='bbox 619 3569 650 3623; x_wconf 89' lang='lat' dir='ltr'>et</span> <span class='ocrx_word' id='word_1_267' title='bbox 670 3559 746 3640; x_wconf 83' lang='lat' dir='ltr'>XII,</span> <span class='ocrx_word' id='word_1_268' title='bbox 775 3564 832 3625; x_wconf 85' lang='lat'>106</span> <span class='ocrx_word' id='word_1_269' title='bbox 861 3553 903 3622; x_wconf 82' lang='grc' dir='ltr'>οὐ</span> <span class='ocrx_word' id='word_1_270' title='bbox 928 3555 1083 3640; x_wconf 83' lang='grc' dir='ltr'><strong><em>μικρὸν</em></strong></span> <span class='ocrx_word' id='word_1_271' title='bbox 1111 3553 1213 3639; x_wconf 82' lang='grc' dir='ltr'><strong><em>μέρος</em></strong></span> <span class='ocrx_word' id='word_1_272' title='bbox 1248 3548 1342 3640; x_wconf 72' lang='grc' dir='ltr'><strong><em>αάτρῖ</em></strong></span> 
     </span>
     <span class='ocr_line' id='line_1_34' title="bbox 207 3647 1343 3743; baseline -0.003 -24"><span class='ocrx_word' id='word_1_273' title='bbox 207 3660 275 3721; x_wconf 80' lang='grc' dir='ltr'>τῶν</span> <span class='ocrx_word' id='word_1_274' title='bbox 304 3651 466 3738; x_wconf 72' lang='grc' dir='ltr'><strong><em>Ἑλλήνων</em></strong></span> <span class='ocrx_word' id='word_1_275' title='bbox 498 3653 704 3741; x_wconf 84' lang='grc' dir='ltr'><strong><em>παρέδωκαν,</em></strong></span> <span class='ocrx_word' id='word_1_276' title='bbox 743 3650 830 3721; x_wconf 88' lang='grc' dir='ltr'><strong><em>άλλά</em></strong></span> <span class='ocrx_word' id='word_1_277' title='bbox 858 3653 1010 3733; x_wconf 90' lang='grc' dir='ltr'><strong><em>πάντας</em></strong></span> <span class='ocrx_word' id='word_1_278' title='bbox 1037 3655 1114 3734; x_wconf 82' lang='grc' dir='ltr'><strong><em>τοὺς</em></strong></span> <span class='ocrx_word' id='word_1_279' title='bbox 1143 3654 1203 3743; x_wconf 75' lang='grc' dir='ltr'>Ιτὴν</span> <span class='ocrx_word' id='word_1_280' title='bbox 1232 3647 1343 3719; x_wconf 79' lang='grc' dir='ltr'><strong><em>Ἀσίαν</em></strong></span> 
     </span>
     <span class='ocr_line' id='line_1_35' title="bbox 210 3750 1342 3841; baseline 0.001 -23"><span class='ocrx_word' id='word_1_281' title='bbox 210 3750 389 3831; x_wconf 64' lang='grc' dir='ltr'><strong><em>οἰκοῦντας.</em></strong></span> <span class='ocrx_word' id='word_1_282' title='bbox 419 3756 515 3838; x_wconf 87' lang='lat' dir='ltr'>XVI,</span> <span class='ocrx_word' id='word_1_283' title='bbox 543 3765 583 3825; x_wconf 89' lang='grc'>44</span> <span class='ocrx_word' id='word_1_284' title='bbox 610 3751 652 3822; x_wconf 83' lang='grc' dir='ltr'>σά</span> <span class='ocrx_word' id='word_1_285' title='bbox 680 3755 741 3841; x_wconf 86' lang='grc' dir='ltr'>γὰρ</span> <span class='ocrx_word' id='word_1_286' title='bbox 771 3753 971 3833; x_wconf 75' lang='grc' dir='ltr'><strong><em>ἐκπεσών,</em></strong></span> <span class='ocrx_word' id='word_1_287' title='bbox 1007 3751 1096 3822; x_wconf 87' lang='grc' dir='ltr'><strong><em>άλλά</em></strong></span> <span class='ocrx_word' id='word_1_288' title='bbox 1134 3754 1342 3838; x_wconf 82' lang='grc' dir='ltr'><strong><em>συμπολι-</em></strong></span> 
     </span>
     <span class='ocr_line' id='line_1_36' title="bbox 208 3848 1341 3943; baseline -0.001 -24"><span class='ocrx_word' id='word_1_289' title='bbox 208 3852 445 3938; x_wconf 83' lang='grc' dir='ltr'><strong><em>τευόμενος,</em></strong></span> <span class='ocrx_word' id='word_1_290' title='bbox 469 3852 537 3924; x_wconf 76' lang='grc' dir='ltr'><strong><em>οὐδ’</em></strong></span> <span class='ocrx_word' id='word_1_291' title='bbox 554 3850 843 3943; x_wconf 72' lang='grc' dir='ltr'><strong><em>ἀναγκασθείς,</em></strong></span> <span class='ocrx_word' id='word_1_292' title='bbox 869 3851 939 3923; x_wconf 81' lang='grc' dir='ltr'><strong><em>ἀλλ’</em></strong></span> <span class='ocrx_word' id='word_1_293' title='bbox 966 3852 1082 3943; x_wconf 72' lang='grc' dir='ltr'><strong><em>ἑκὼν,</em></strong></span> <span class='ocrx_word' id='word_1_294' title='bbox 1105 3848 1174 3922; x_wconf 75' lang='grc' dir='ltr'><strong><em>οὐδ’</em></strong></span> <span class='ocrx_word' id='word_1_295' title='bbox 1200 3851 1341 3936; x_wconf 90' lang='grc' dir='ltr'><strong><em>άμονό-</em></strong></span> 
     </span>
     <span class='ocr_line' id='line_1_37' title="bbox 208 3947 1341 4044; baseline -0.002 -23"><span class='ocrx_word' id='word_1_296' title='bbox 208 3979 330 4039; x_wconf 87' lang='grc' dir='ltr'><strong><em>μενος</em></strong></span> <span class='ocrx_word' id='word_1_297' title='bbox 352 3951 427 4022; x_wconf 62' lang='grc' dir='ltr'><strong><em>άλλ)</em></strong></span> <span class='ocrx_word' id='word_1_298' title='bbox 451 3953 638 4042; x_wconf 72' lang='grc' dir='ltr'><strong><em>ὑπάρχων</em></strong></span> <span class='ocrx_word' id='word_1_299' title='bbox 659 3952 789 4044; x_wconf 77' lang='grc' dir='ltr'><strong><em>ἠδίκεις</em></strong></span> <span class='ocrx_word' id='word_1_300' title='bbox 810 3953 929 4037; x_wconf 78' lang='grc' dir='ltr'><strong><em>αὐτοὺς</em></strong></span> <span class='ocrx_word' id='word_1_301' title='bbox 950 3958 1059 4027; x_wconf 87' lang='grc' dir='ltr'>κ.τ.λ.</span> <span class='ocrx_word' id='word_1_302' title='bbox 1083 3957 1208 4034; x_wconf 89' lang='lat' dir='ltr'>XVIII,</span> <span class='ocrx_word' id='word_1_303' title='bbox 1235 3964 1280 4022; x_wconf 89' lang='grc'>17.</span> <span class='ocrx_word' id='word_1_304' title='bbox 1301 3947 1341 4019; x_wconf 81' lang='grc' dir='ltr'>οὗ</span> 
     </span>
     <span class='ocr_line' id='line_1_38' title="bbox 209 4053 1342 4143; baseline -0.004 -21"><span class='ocrx_word' id='word_1_305' title='bbox 209 4055 270 4143; x_wconf 87' lang='grc' dir='ltr'>γάρ</span> <span class='ocrx_word' id='word_1_306' title='bbox 296 4054 350 4124; x_wconf 85' lang='grc' dir='ltr'>ὅτι</span> <span class='ocrx_word' id='word_1_307' title='bbox 370 4057 447 4136; x_wconf 82' lang='grc' dir='ltr'><strong><em>τοὺς</em></strong></span> <span class='ocrx_word' id='word_1_308' title='bbox 468 4053 663 4136; x_wconf 79' lang='grc' dir='ltr'><strong><em>ἀδικοῦντας</em></strong></span> <span class='ocrx_word' id='word_1_309' title='bbox 685 4053 895 4140; x_wconf 77' lang='grc' dir='ltr'><strong><em>ἐκόλαζον,</em></strong></span> <span class='ocrx_word' id='word_1_310' title='bbox 919 4053 990 4123; x_wconf 79' lang='grc' dir='ltr'><strong><em>ἀλλ’</em></strong></span> <span class='ocrx_word' id='word_1_311' title='bbox 1014 4053 1118 4134; x_wconf 80' lang='grc' dir='ltr'><strong><em>ἐνίοις</em></strong></span> <span class='ocrx_word' id='word_1_312' title='bbox 1140 4053 1198 4120; x_wconf 85' lang='grc' dir='ltr'>καὶ</span> <span class='ocrx_word' id='word_1_313' title='bbox 1221 4076 1342 4138; x_wconf 91' lang='grc' dir='ltr'><strong><em>προσ-</em></strong></span> 
     </span>
     <span class='ocr_line' id='line_1_39' title="bbox 210 4155 1341 4242; baseline -0.003 -20"><span class='ocrx_word' id='word_1_314' title='bbox 210 4155 379 4224; x_wconf 83' lang='grc' dir='ltr'><strong><em>έταττον</em></strong></span> <span class='ocrx_word' id='word_1_315' title='bbox 410 4156 655 4241; x_wconf 78' lang='grc' dir='ltr'><strong><em>ἐξαμαρτάνειν.</em></strong></span> <span class='ocrx_word' id='word_1_316' title='bbox 689 4162 727 4226; x_wconf 89' lang='lat' dir='ltr'>cf.</span> <span class='ocrx_word' id='word_1_317' title='bbox 750 4160 826 4236; x_wconf 85' lang='lat' dir='ltr'>XII,</span> <span class='ocrx_word' id='word_1_318' title='bbox 854 4165 921 4228; x_wconf 81' lang='grc'><strong>132.</strong></span> <span class='ocrx_word' id='word_1_319' title='bbox 956 4159 1016 4242; x_wconf 78' lang='grc' dir='ltr'>ΠΙ,</span> <span class='ocrx_word' id='word_1_320' title='bbox 1042 4167 1068 4225; x_wconf 96' lang='grc'>1.</span> <span class='ocrx_word' id='word_1_321' title='bbox 1112 4156 1240 4222; x_wconf 91' lang='lat' dir='ltr'>Deinde</span> <span class='ocrx_word' id='word_1_322' title='bbox 1267 4179 1341 4242; x_wconf 84' lang='lat' dir='ltr'>gra·</span> 
     </span>
    </p>
   </div>
   <div class='ocr_carea' id='block_1_7' title="bbox 278 4377 532 4447">
    <p class='ocr_par' dir='ltr' id='par_1_7' title="bbox 278 4377 532 4447">
     <span class='ocr_line' id='line_1_40' title="bbox 278 4377 532 4447; baseline -0.004 -15"><span class='ocrx_word' id='word_1_323' title='bbox 278 4381 302 4447; x_wconf 92' lang='lat'>1)</span> <span class='ocrx_word' id='word_1_324' title='bbox 322 4397 403 4432; x_wconf 89' lang='lat' dir='ltr'>curm.</span> <span class='ocrx_word' id='word_1_325' title='bbox 420 4377 472 4444; x_wconf 85' lang='lat' dir='ltr'>III,</span> <span class='ocrx_word' id='word_1_326' title='bbox 491 4381 532 4431; x_wconf 90' lang='grc'>30.</span> 
     </span>
    </p>
   </div>
   <div class='ocr_carea' id='block_1_8' title="bbox 0 0 1482 4830">
    <p class='ocr_par' dir='ltr' id='par_1_8' title="bbox 0 0 1482 4830">
     <span class='ocr_line' id='line_1_41' title="bbox 0 0 1482 4830; baseline 0 0"><span class='ocrx_word' id='word_1_327' title='bbox 0 0 1482 4830; x_wconf 95' lang='lat' dir='ltr'> </span> 
     </span>
    </p>
   </div>
  </div>
 </body>
</html>
