<?xml version="1.0" encoding="UTF-8"?>
<!DOCTYPE html PUBLIC "-//W3C//DTD XHTML 1.0 Transitional//EN"
    "http://www.w3.org/TR/xhtml1/DTD/xhtml1-transitional.dtd">
<html xmlns="http://www.w3.org/1999/xhtml" xml:lang="en" lang="en">
 <head>
  <title>
</title>
<meta http-equiv="Content-Type" content="text/html;charset=utf-8" />
  <meta name='ocr-system' content='tesseract 3.04.00' />
  <meta name='ocr-capabilities' content='ocr_page ocr_carea ocr_par ocr_line ocrx_word'/>
</head>
<body>
  <div class='ocr_page' id='page_1' title='image "./deelocutioneiso00gehlgoog_0026.png"; bbox 0 0 2946 4830; ppageno 0'>
   <div class='ocr_carea' id='block_1_1' title="bbox 713 297 746 355">
    <p class='ocr_par' dir='ltr' id='par_1_1' title="bbox 713 297 746 355">
     <span class='ocr_line' id='line_1_1' title="bbox 713 297 746 355; baseline -0.03 0"><span class='ocrx_word' id='word_1_1' title='bbox 713 297 746 355; x_wconf 97' lang='grc'>11</span> 
     </span>
    </p>
   </div>
   <div class='ocr_carea' id='block_1_2' title="bbox 165 457 1302 3347">
    <p class='ocr_par' dir='ltr' id='par_1_2' title="bbox 165 457 1302 2349">
     <span class='ocr_line' id='line_1_2' title="bbox 249 457 1297 545; baseline -0.004 -19"><span class='ocrx_word' id='word_1_2' title='bbox 249 461 298 526; x_wconf 91' lang='lat' dir='ltr'>Ac</span> <span class='ocrx_word' id='word_1_3' title='bbox 319 460 383 525; x_wconf 91' lang='lat' dir='ltr'>duo</span> <span class='ocrx_word' id='word_1_4' title='bbox 407 458 536 545; x_wconf 92' lang='lat' dir='ltr'>quidem</span> <span class='ocrx_word' id='word_1_5' title='bbox 557 459 698 523; x_wconf 83' lang='lat' dir='ltr'><strong>maxime</strong></span> <span class='ocrx_word' id='word_1_6' title='bbox 719 458 880 523; x_wconf 90' lang='lat' dir='ltr'>Isocrates</span> <span class='ocrx_word' id='word_1_7' title='bbox 904 457 1055 545; x_wconf 82' lang='lat' dir='ltr'>prudenti</span> <span class='ocrx_word' id='word_1_8' title='bbox 1084 460 1205 524; x_wconf 87' lang='lat' dir='ltr'>oratori</span> <span class='ocrx_word' id='word_1_9' title='bbox 1226 481 1297 523; x_wconf 91' lang='lat' dir='ltr'>esse</span> 
     </span>
     <span class='ocr_line' id='line_1_3' title="bbox 165 558 1296 647; baseline -0.004 -19"><span class='ocrx_word' id='word_1_10' title='bbox 165 560 308 628; x_wconf 89' lang='lat' dir='ltr'>videnda</span> <span class='ocrx_word' id='word_1_11' title='bbox 327 583 392 627; x_wconf 94' lang='lat' dir='ltr'>non</span> <span class='ocrx_word' id='word_1_12' title='bbox 413 558 585 645; x_wconf 86' lang='lat' dir='ltr'>ignoravit,</span> <span class='ocrx_word' id='word_1_13' title='bbox 608 567 643 623; x_wconf 93' lang='lat' dir='ltr'>ut</span> <span class='ocrx_word' id='word_1_14' title='bbox 665 559 866 642; x_wconf 81' lang='lat' dir='ltr'>excogitaret</span> <span class='ocrx_word' id='word_1_15' title='bbox 888 581 971 646; x_wconf 89' lang='lat' dir='ltr'>quae</span> <span class='ocrx_word' id='word_1_16' title='bbox 994 559 1036 622; x_wconf 86' lang='lat' dir='ltr'>ad</span> <span class='ocrx_word' id='word_1_17' title='bbox 1058 582 1127 624; x_wconf 89' lang='lat' dir='ltr'>rem</span> <span class='ocrx_word' id='word_1_18' title='bbox 1150 561 1296 647; x_wconf 89' lang='lat' dir='ltr'>proposi-</span> 
     </span>
     <span class='ocr_line' id='line_1_4' title="bbox 165 652 1299 746; baseline -0.005 -18"><span class='ocrx_word' id='word_1_19' title='bbox 165 652 239 728; x_wconf 87' lang='lat' dir='ltr'>tam</span> <span class='ocrx_word' id='word_1_20' title='bbox 254 659 460 727; x_wconf 83' lang='lat' dir='ltr'>audientibus</span> <span class='ocrx_word' id='word_1_21' title='bbox 483 657 688 746; x_wconf 89' lang='lat' dir='ltr'>probandam</span> <span class='ocrx_word' id='word_1_22' title='bbox 709 657 856 725; x_wconf 87' lang='lat' dir='ltr'>valerent</span> <span class='ocrx_word' id='word_1_23' title='bbox 883 667 1073 744; x_wconf 88' lang='lat' dir='ltr'>argumenta</span> <span class='ocrx_word' id='word_1_24' title='bbox 1102 654 1155 739; x_wconf 86' lang='grc' dir='ltr'>(τὰ</span> <span class='ocrx_word' id='word_1_25' title='bbox 1177 652 1299 744; x_wconf 74' lang='grc' dir='ltr'><em>προση-</em></span> 
     </span>
     <span class='ocr_line' id='line_1_5' title="bbox 166 756 1297 846; baseline -0.001 -21"><span class='ocrx_word' id='word_1_26' title='bbox 166 784 266 826; x_wconf 90' lang='grc' dir='ltr'><em>κοντα</em></span> <span class='ocrx_word' id='word_1_27' title='bbox 289 756 538 845; x_wconf 78' lang='grc' dir='ltr'><em>ἐνθυμηθῆναι)</em></span> <span class='ocrx_word' id='word_1_28' title='bbox 562 780 664 846; x_wconf 86' lang='lat' dir='ltr'>eaque</span> <span class='ocrx_word' id='word_1_29' title='bbox 689 767 801 824; x_wconf 89' lang='lat' dir='ltr'>ornate</span> <span class='ocrx_word' id='word_1_30' title='bbox 823 759 933 824; x_wconf 88' lang='lat' dir='ltr'>verbis</span> <span class='ocrx_word' id='word_1_31' title='bbox 955 759 1152 846; x_wconf 86' lang='lat' dir='ltr'>exprimeret</span> <span class='ocrx_word' id='word_1_32' title='bbox 1174 783 1213 825; x_wconf 91' lang='lat' dir='ltr'>ac</span> <span class='ocrx_word' id='word_1_33' title='bbox 1235 760 1297 824; x_wconf 94' lang='lat' dir='ltr'>dis-</span> 
     </span>
     <span class='ocr_line' id='line_1_6' title="bbox 165 847 1299 949; baseline -0.003 -22"><span class='ocrx_word' id='word_1_34' title='bbox 165 869 302 949; x_wconf 85' lang='lat' dir='ltr'>poneret-</span> <span class='ocrx_word' id='word_1_35' title='bbox 330 858 410 937; x_wconf 87' lang='grc' dir='ltr'><em>(τοῖς</em></span> <span class='ocrx_word' id='word_1_36' title='bbox 436 850 596 938; x_wconf 90' lang='grc' dir='ltr'><em>ὀνόμασιν</em></span> <span class='ocrx_word' id='word_1_37' title='bbox 623 847 665 923; x_wconf 71' lang='grc' dir='ltr'>τό</span> <span class='ocrx_word' id='word_1_38' title='bbox 686 854 895 938; x_wconf 80' lang='grc' dir='ltr'><em>διαθέσθαι).</em></span> <span class='ocrx_word' id='word_1_39' title='bbox 907 861 928 938; x_wconf 84' lang='lat'>1)</span> <span class='ocrx_word' id='word_1_40' title='bbox 972 859 1075 940; x_wconf 77' lang='lat' dir='ltr'>Quem</span> <span class='ocrx_word' id='word_1_41' title='bbox 1096 860 1204 945; x_wconf 91' lang='lat' dir='ltr'>ipsum</span> <span class='ocrx_word' id='word_1_42' title='bbox 1223 859 1299 924; x_wconf 90' lang='lat' dir='ltr'>licet</span> 
     </span>
     <span class='ocr_line' id='line_1_7' title="bbox 167 957 1299 1027; baseline -0.003 0"><span class='ocrx_word' id='word_1_43' title='bbox 167 963 203 1027; x_wconf 90' lang='lat' dir='ltr'>in</span> <span class='ocrx_word' id='word_1_44' title='bbox 225 958 424 1026; x_wconf 86' lang='lat' dir='ltr'>orationibus</span> <span class='ocrx_word' id='word_1_45' title='bbox 440 957 623 1024; x_wconf 79' lang='lat' dir='ltr'>forensibus</span> <span class='ocrx_word' id='word_1_46' title='bbox 646 958 781 1024; x_wconf 90' lang='lat' dir='ltr'>aliorum</span> <span class='ocrx_word' id='word_1_47' title='bbox 807 961 958 1025; x_wconf 87' lang='lat' dir='ltr'>astutiam</span> <span class='ocrx_word' id='word_1_48' title='bbox 975 967 1005 1024; x_wconf 90' lang='lat' dir='ltr'>et</span> <span class='ocrx_word' id='word_1_49' title='bbox 1021 957 1228 1023; x_wconf 86' lang='lat' dir='ltr'>calliditatem</span> <span class='ocrx_word' id='word_1_50' title='bbox 1244 959 1299 1024; x_wconf 89' lang='lat' dir='ltr'>dc·</span> 
     </span>
     <span class='ocr_line' id='line_1_8' title="bbox 169 1057 1299 1144; baseline -0.003 -18"><span class='ocrx_word' id='word_1_51' title='bbox 169 1061 287 1126; x_wconf 88' lang='lat' dir='ltr'>fecisse</span> <span class='ocrx_word' id='word_1_52' title='bbox 298 1057 392 1124; x_wconf 86' lang='lat' dir='ltr'>facile</span> <span class='ocrx_word' id='word_1_53' title='bbox 409 1057 626 1144; x_wconf 88' lang='lat' dir='ltr'>intellegatur,</span> <span class='ocrx_word' id='word_1_54' title='bbox 641 1068 783 1125; x_wconf 87' lang='lat' dir='ltr'>ceterum</span> <span class='ocrx_word' id='word_1_55' title='bbox 798 1068 906 1124; x_wconf 90' lang='lat' dir='ltr'>tamen</span> <span class='ocrx_word' id='word_1_56' title='bbox 921 1082 979 1123; x_wconf 88' lang='lat' dir='ltr'>sua</span> <span class='ocrx_word' id='word_1_57' title='bbox 993 1058 1076 1123; x_wconf 90' lang='lat' dir='ltr'>benc</span> <span class='ocrx_word' id='word_1_58' title='bbox 1091 1067 1123 1124; x_wconf 93' lang='lat' dir='ltr'>et</span> <span class='ocrx_word' id='word_1_59' title='bbox 1135 1059 1299 1123; x_wconf 89' lang='lat' dir='ltr'>invenisse</span> 
     </span>
     <span class='ocr_line' id='line_1_9' title="bbox 172 1157 1298 1246; baseline -0.001 -21"><span class='ocrx_word' id='word_1_60' title='bbox 172 1169 204 1225; x_wconf 88' lang='lat' dir='ltr'>et</span> <span class='ocrx_word' id='word_1_61' title='bbox 219 1157 414 1246; x_wconf 88' lang='lat' dir='ltr'>disposuisse</span> <span class='ocrx_word' id='word_1_62' title='bbox 434 1159 526 1224; x_wconf 86' lang='lat' dir='ltr'>testis</span> <span class='ocrx_word' id='word_1_63' title='bbox 549 1167 607 1241; x_wconf 86' lang='lat' dir='ltr'>est,</span> <span class='ocrx_word' id='word_1_64' title='bbox 628 1167 664 1223; x_wconf 94' lang='lat' dir='ltr'>ut</span> <span class='ocrx_word' id='word_1_65' title='bbox 683 1181 747 1223; x_wconf 93' lang='lat' dir='ltr'>uno</span> <span class='ocrx_word' id='word_1_66' title='bbox 764 1167 851 1223; x_wconf 84' lang='lat' dir='ltr'>certe</span> <span class='ocrx_word' id='word_1_67' title='bbox 868 1167 995 1224; x_wconf 86' lang='lat' dir='ltr'>utamur</span> <span class='ocrx_word' id='word_1_68' title='bbox 1013 1157 1173 1246; x_wconf 83' lang='lat' dir='ltr'>exemplo,</span> <span class='ocrx_word' id='word_1_69' title='bbox 1196 1159 1298 1224; x_wconf 88' lang='lat' dir='ltr'>oratio</span> 
     </span>
     <span class='ocr_line' id='line_1_10' title="bbox 171 1257 1298 1346; baseline 0 -23"><span class='ocrx_word' id='word_1_70' title='bbox 171 1259 381 1346; x_wconf 85' lang='lat' dir='ltr'>Panegyrica.</span> <span class='ocrx_word' id='word_1_71' title='bbox 424 1257 464 1322; x_wconf 93' lang='lat' dir='ltr'>In</span> <span class='ocrx_word' id='word_1_72' title='bbox 485 1280 550 1346; x_wconf 90' lang='lat' dir='ltr'>qua</span> <span class='ocrx_word' id='word_1_73' title='bbox 571 1257 698 1322; x_wconf 89' lang='lat' dir='ltr'>civibus</span> <span class='ocrx_word' id='word_1_74' title='bbox 718 1259 784 1323; x_wconf 91' lang='lat' dir='ltr'>suis</span> <span class='ocrx_word' id='word_1_75' title='bbox 806 1280 888 1345; x_wconf 86' lang='lat' dir='ltr'>pace</span> <span class='ocrx_word' id='word_1_76' title='bbox 908 1260 992 1323; x_wconf 83' lang='lat' dir='ltr'>inter</span> <span class='ocrx_word' id='word_1_77' title='bbox 1015 1281 1049 1323; x_wconf 93' lang='lat' dir='ltr'>se</span> <span class='ocrx_word' id='word_1_78' title='bbox 1070 1259 1219 1324; x_wconf 89' lang='lat' dir='ltr'>restituta</span> <span class='ocrx_word' id='word_1_79' title='bbox 1232 1257 1298 1323; x_wconf 94' lang='lat' dir='ltr'>bel-</span> 
     </span>
     <span class='ocr_line' id='line_1_11' title="bbox 168 1356 1299 1446; baseline -0.001 -22"><span class='ocrx_word' id='word_1_80' title='bbox 168 1359 234 1424; x_wconf 90' lang='lat' dir='ltr'>lum</span> <span class='ocrx_word' id='word_1_81' title='bbox 255 1380 326 1423; x_wconf 89' lang='lat' dir='ltr'>cum</span> <span class='ocrx_word' id='word_1_82' title='bbox 348 1356 500 1422; x_wconf 81' lang='lat' dir='ltr'>barbaris</span> <span class='ocrx_word' id='word_1_83' title='bbox 523 1359 733 1424; x_wconf 90' lang='lat' dir='ltr'>communiter</span> <span class='ocrx_word' id='word_1_84' title='bbox 756 1358 996 1446; x_wconf 90' lang='lat' dir='ltr'>suscipiendum</span> <span class='ocrx_word' id='word_1_85' title='bbox 1018 1358 1299 1424; x_wconf 87' lang='lat' dir='ltr'>commendaturus</span> 
     </span>
     <span class='ocr_line' id='line_1_12' title="bbox 167 1456 1298 1547; baseline 0 -25"><span class='ocrx_word' id='word_1_86' title='bbox 167 1459 307 1545; x_wconf 89' lang='lat' dir='ltr'>primum</span> <span class='ocrx_word' id='word_1_87' title='bbox 328 1456 580 1523; x_wconf 83' lang='lat' dir='ltr'>Atheniensibus</span> <span class='ocrx_word' id='word_1_88' title='bbox 610 1481 768 1522; x_wconf 89' lang='lat' dir='ltr'>summum</span> <span class='ocrx_word' id='word_1_89' title='bbox 794 1459 966 1544; x_wconf 91' lang='lat' dir='ltr'>imperium</span> <span class='ocrx_word' id='word_1_90' title='bbox 995 1481 1065 1524; x_wconf 87' lang='lat' dir='ltr'>esse</span> <span class='ocrx_word' id='word_1_91' title='bbox 1093 1457 1298 1547; x_wconf 83' lang='lat' dir='ltr'>tribuendum</span> 
     </span>
     <span class='ocr_line' id='line_1_13' title="bbox 166 1555 1298 1646; baseline 0.002 -24"><span class='ocrx_word' id='word_1_92' title='bbox 166 1557 242 1623; x_wconf 91' lang='lat' dir='ltr'>inde</span> <span class='ocrx_word' id='word_1_93' title='bbox 254 1556 405 1634; x_wconf 91' lang='lat' dir='ltr'>ostendit,</span> <span class='ocrx_word' id='word_1_94' title='bbox 423 1555 509 1643; x_wconf 91' lang='lat' dir='ltr'>quod</span> <span class='ocrx_word' id='word_1_95' title='bbox 525 1578 636 1623; x_wconf 89' lang='lat' dir='ltr'>eorum</span> <span class='ocrx_word' id='word_1_96' title='bbox 649 1559 691 1622; x_wconf 91' lang='lat' dir='ltr'>sit</span> <span class='ocrx_word' id='word_1_97' title='bbox 703 1557 820 1623; x_wconf 93' lang='lat' dir='ltr'>nobilis</span> <span class='ocrx_word' id='word_1_98' title='bbox 832 1559 936 1644; x_wconf 90' lang='lat' dir='ltr'>origo,</span> <span class='ocrx_word' id='word_1_99' title='bbox 952 1581 1071 1644; x_wconf 88' lang='lat' dir='ltr'>magna</span> <span class='ocrx_word' id='word_1_100' title='bbox 1086 1558 1173 1646; x_wconf 86' lang='lat' dir='ltr'>apud</span> <span class='ocrx_word' id='word_1_101' title='bbox 1188 1581 1298 1625; x_wconf 90' lang='lat' dir='ltr'>omnes</span> 
     </span>
     <span class='ocr_line' id='line_1_14' title="bbox 167 1657 1299 1746; baseline 0.001 -24"><span class='ocrx_word' id='word_1_102' title='bbox 167 1657 313 1724; x_wconf 89' lang='lat' dir='ltr'>homines</span> <span class='ocrx_word' id='word_1_103' title='bbox 325 1657 511 1740; x_wconf 85' lang='lat' dir='ltr'>auctoritas,</span> <span class='ocrx_word' id='word_1_104' title='bbox 523 1659 655 1743; x_wconf 89' lang='lat' dir='ltr'>egregia</span> <span class='ocrx_word' id='word_1_105' title='bbox 668 1680 747 1743; x_wconf 88' lang='lat' dir='ltr'>erga</span> <span class='ocrx_word' id='word_1_106' title='bbox 758 1657 900 1746; x_wconf 90' lang='lat' dir='ltr'>reliquas</span> <span class='ocrx_word' id='word_1_107' title='bbox 913 1657 1060 1722; x_wconf 86' lang='lat' dir='ltr'>civitates</span> <span class='ocrx_word' id='word_1_108' title='bbox 1075 1660 1200 1735; x_wconf 91' lang='lat' dir='ltr'>merita,</span> <span class='ocrx_word' id='word_1_109' title='bbox 1217 1681 1299 1743; x_wconf 87' lang='lat' dir='ltr'>quae</span> 
     </span>
     <span class='ocr_line' id='line_1_15' title="bbox 170 1757 1299 1824; baseline 0.001 -2"><span class='ocrx_word' id='word_1_110' title='bbox 170 1779 240 1822; x_wconf 90' lang='lat' dir='ltr'>cum</span> <span class='ocrx_word' id='word_1_111' title='bbox 262 1759 297 1822; x_wconf 93' lang='lat' dir='ltr'>in</span> <span class='ocrx_word' id='word_1_112' title='bbox 313 1757 497 1824; x_wconf 85' lang='lat' dir='ltr'>domesticis</span> <span class='ocrx_word' id='word_1_113' title='bbox 511 1757 665 1822; x_wconf 87' lang='lat' dir='ltr'>institutis</span> <span class='ocrx_word' id='word_1_114' title='bbox 684 1767 752 1824; x_wconf 92' lang='lat' dir='ltr'>tum</span> <span class='ocrx_word' id='word_1_115' title='bbox 766 1760 801 1823; x_wconf 92' lang='lat' dir='ltr'>in</span> <span class='ocrx_word' id='word_1_116' title='bbox 814 1757 939 1823; x_wconf 88' lang='lat' dir='ltr'>bellicis</span> <span class='ocrx_word' id='word_1_117' title='bbox 954 1757 1052 1823; x_wconf 89' lang='lat' dir='ltr'>rebus</span> <span class='ocrx_word' id='word_1_118' title='bbox 1066 1760 1299 1824; x_wconf 89' lang='lat' dir='ltr'>contineantur.</span> 
     </span>
     <span class='ocr_line' id='line_1_16' title="bbox 169 1856 1300 1949; baseline 0 -27"><span class='ocrx_word' id='word_1_119' title='bbox 169 1857 296 1923; x_wconf 87' lang='lat' dir='ltr'>Deinde</span> <span class='ocrx_word' id='word_1_120' title='bbox 320 1879 417 1949; x_wconf 81' lang='lat' dir='ltr'>quam</span> <span class='ocrx_word' id='word_1_121' title='bbox 435 1879 512 1922; x_wconf 87' lang='lat' dir='ltr'>vere</span> <span class='ocrx_word' id='word_1_122' title='bbox 533 1880 572 1922; x_wconf 86' lang='lat' dir='ltr'>ac</span> <span class='ocrx_word' id='word_1_123' title='bbox 591 1856 697 1944; x_wconf 87' lang='lat' dir='ltr'>logice</span> <span class='ocrx_word' id='word_1_124' title='bbox 712 1858 823 1923; x_wconf 89' lang='lat' dir='ltr'>Persis</span> <span class='ocrx_word' id='word_1_125' title='bbox 846 1881 919 1923; x_wconf 91' lang='lat' dir='ltr'>cum</span> <span class='ocrx_word' id='word_1_126' title='bbox 942 1856 1078 1922; x_wconf 78' lang='lat' dir='ltr'>Graecis</span> <span class='ocrx_word' id='word_1_127' title='bbox 1105 1859 1300 1944; x_wconf 84' lang='lat' dir='ltr'>comparatis</span> 
     </span>
     <span class='ocr_line' id='line_1_17' title="bbox 170 1956 1300 2046; baseline -0.001 -24"><span class='ocrx_word' id='word_1_128' title='bbox 170 1957 407 2024; x_wconf 88' lang='lat' dir='ltr'>demonstratur</span> <span class='ocrx_word' id='word_1_129' title='bbox 428 1956 556 2022; x_wconf 90' lang='lat' dir='ltr'>illorum</span> <span class='ocrx_word' id='word_1_130' title='bbox 578 1958 612 2022; x_wconf 92' lang='lat' dir='ltr'>in</span> <span class='ocrx_word' id='word_1_131' title='bbox 626 1957 777 2024; x_wconf 91' lang='lat' dir='ltr'>bellando</span> <span class='ocrx_word' id='word_1_132' title='bbox 793 1957 1010 2034; x_wconf 87' lang='lat' dir='ltr'>imbecillitas,</span> <span class='ocrx_word' id='word_1_133' title='bbox 1030 1959 1151 2046; x_wconf 89' lang='lat' dir='ltr'>quippe</span> <span class='ocrx_word' id='word_1_134' title='bbox 1165 1981 1300 2041; x_wconf 92' lang='lat' dir='ltr'>quorum</span> 
     </span>
     <span class='ocr_line' id='line_1_18' title="bbox 168 2056 1300 2147; baseline -0.001 -24"><span class='ocrx_word' id='word_1_135' title='bbox 168 2070 228 2123; x_wconf 84' lang='lat' dir='ltr'>rex</span> <span class='ocrx_word' id='word_1_136' title='bbox 243 2081 316 2124; x_wconf 89' lang='lat' dir='ltr'>cum</span> <span class='ocrx_word' id='word_1_137' title='bbox 332 2056 468 2123; x_wconf 78' lang='lat' dir='ltr'>Graecis</span> <span class='ocrx_word' id='word_1_138' title='bbox 490 2060 681 2147; x_wconf 88' lang='lat' dir='ltr'>conjunctus</span> <span class='ocrx_word' id='word_1_139' title='bbox 703 2082 839 2145; x_wconf 89' lang='lat' dir='ltr'>magnas</span> <span class='ocrx_word' id='word_1_140' title='bbox 860 2082 913 2124; x_wconf 90' lang='lat' dir='ltr'>res</span> <span class='ocrx_word' id='word_1_141' title='bbox 935 2061 1082 2145; x_wconf 81' lang='lat' dir='ltr'>gesserit,</span> <span class='ocrx_word' id='word_1_142' title='bbox 1104 2060 1173 2122; x_wconf 90' lang='lat' dir='ltr'>sinc</span> <span class='ocrx_word' id='word_1_143' title='bbox 1190 2081 1300 2123; x_wconf 91' lang='lat' dir='ltr'>eorum</span> 
     </span>
     <span class='ocr_line' id='line_1_19' title="bbox 168 2155 1302 2246; baseline -0.001 -24"><span class='ocrx_word' id='word_1_144' title='bbox 168 2180 269 2246; x_wconf 85' lang='lat' dir='ltr'>opera</span> <span class='ocrx_word' id='word_1_145' title='bbox 289 2155 370 2222; x_wconf 92' lang='lat' dir='ltr'>nihil</span> <span class='ocrx_word' id='word_1_146' title='bbox 391 2159 773 2246; x_wconf 88' lang='lat' dir='ltr'>umquampraestiterit,</span> <span class='ocrx_word' id='word_1_147' title='bbox 797 2168 910 2225; x_wconf 89' lang='lat' dir='ltr'>contra</span> <span class='ocrx_word' id='word_1_148' title='bbox 925 2181 980 2224; x_wconf 88' lang='lat' dir='ltr'>eos</span> <span class='ocrx_word' id='word_1_149' title='bbox 995 2157 1190 2244; x_wconf 84' lang='lat' dir='ltr'>belligerans</span> <span class='ocrx_word' id='word_1_150' title='bbox 1210 2158 1302 2244; x_wconf 86' lang='lat' dir='ltr'>igna-</span> 
     </span>
     <span class='ocr_line' id='line_1_20' title="bbox 167 2257 700 2349; baseline 0.002 -26"><span class='ocrx_word' id='word_1_151' title='bbox 167 2281 243 2323; x_wconf 88' lang='lat' dir='ltr'>vum</span> <span class='ocrx_word' id='word_1_152' title='bbox 266 2279 450 2349; x_wconf 84' lang='lat' dir='ltr'>semperse</span> <span class='ocrx_word' id='word_1_153' title='bbox 470 2258 667 2344; x_wconf 87' lang='lat' dir='ltr'>praebuerit.</span> <span class='ocrx_word' id='word_1_154' title='bbox 676 2257 700 2336; x_wconf 84' lang='lat'>²)</span> 
     </span>
    </p>

    <p class='ocr_par' dir='ltr' id='par_1_3' title="bbox 166 2357 1301 3347">
     <span class='ocr_line' id='line_1_21' title="bbox 253 2357 1299 2448; baseline 0 -26"><span class='ocrx_word' id='word_1_155' title='bbox 253 2357 464 2444; x_wconf 76' lang='lat' dir='ltr'>Quapropter</span> <span class='ocrx_word' id='word_1_156' title='bbox 474 2381 539 2423; x_wconf 91' lang='lat' dir='ltr'>non</span> <span class='ocrx_word' id='word_1_157' title='bbox 554 2359 623 2425; x_wconf 90' lang='lat' dir='ltr'>sine</span> <span class='ocrx_word' id='word_1_158' title='bbox 641 2358 748 2447; x_wconf 88' lang='lat' dir='ltr'>aliquo</span> <span class='ocrx_word' id='word_1_159' title='bbox 759 2361 835 2448; x_wconf 89' lang='lat' dir='ltr'>jure</span> <span class='ocrx_word' id='word_1_160' title='bbox 849 2360 1071 2447; x_wconf 88' lang='lat' dir='ltr'>Dionysius</span> <span class='ocrx_word' id='word_1_161' title='bbox 1090 2358 1299 2424; x_wconf 87' lang='lat' dir='ltr'>Halicarnas-</span> 
     </span>
     <span class='ocr_line' id='line_1_22' title="bbox 171 2452 1301 2547; baseline -0.002 -25"><span class='ocrx_word' id='word_1_162' title='bbox 171 2458 276 2522; x_wconf 90' lang='lat' dir='ltr'>sensis</span> <span class='ocrx_word' id='word_1_163' title='bbox 298 2456 427 2523; x_wconf 88' lang='lat' dir='ltr'>videtur</span> <span class='ocrx_word' id='word_1_164' title='bbox 449 2459 594 2544; x_wconf 89' lang='lat' dir='ltr'>profiteri</span> <span class='ocrx_word' id='word_1_165' title='bbox 608 2458 705 2525; x_wconf 89' lang='lat' dir='ltr'>haec:</span> <span class='ocrx_word' id='word_1_166' title='bbox 724 2461 762 2547; x_wconf 75' lang='grc' dir='ltr'>τῇ</span> <span class='ocrx_word' id='word_1_167' title='bbox 783 2452 872 2537; x_wconf 80' lang='grc' dir='ltr'><em>τάξει</em></span> <span class='ocrx_word' id='word_1_168' title='bbox 892 2460 960 2524; x_wconf 77' lang='grc' dir='ltr'>τάν</span> <span class='ocrx_word' id='word_1_169' title='bbox 981 2452 1225 2544; x_wconf 74' lang='grc' dir='ltr'><em>ἐνθυμημάτων</em></span> <span class='ocrx_word' id='word_1_170' title='bbox 1244 2454 1301 2522; x_wconf 87' lang='grc' dir='ltr'>ναὶ</span> 
     </span>
     <span class='ocr_line' id='line_1_23' title="bbox 170 2551 1300 2647; baseline 0.002 -29"><span class='ocrx_word' id='word_1_171' title='bbox 170 2556 239 2632; x_wconf 78' lang='grc' dir='ltr'><em>τοῖς</em></span> <span class='ocrx_word' id='word_1_172' title='bbox 258 2557 430 2639; x_wconf 75' lang='grc' dir='ltr'><em>μερισμοῖς</em></span> <span class='ocrx_word' id='word_1_173' title='bbox 450 2559 515 2620; x_wconf 79' lang='grc' dir='ltr'>τῶν</span> <span class='ocrx_word' id='word_1_174' title='bbox 537 2552 797 2643; x_wconf 76' lang='grc' dir='ltr'><em>ἐπιχειρημάτων</em></span> <span class='ocrx_word' id='word_1_175' title='bbox 818 2555 874 2623; x_wconf 85' lang='grc' dir='ltr'>καὶ</span> <span class='ocrx_word' id='word_1_176' title='bbox 894 2562 934 2647; x_wconf 77' lang='grc' dir='ltr'>τῇ</span> <span class='ocrx_word' id='word_1_177' title='bbox 956 2551 1032 2623; x_wconf 79' lang='grc' dir='ltr'><em>καθ’</em></span> <span class='ocrx_word' id='word_1_178' title='bbox 1057 2553 1193 2629; x_wconf 74' lang='grc' dir='ltr'><em>ἕκαστον</em></span> <span class='ocrx_word' id='word_1_179' title='bbox 1213 2552 1300 2640; x_wconf 77' lang='grc' dir='ltr'><em>ἐξερ-</em></span> 
     </span>
     <span class='ocr_line' id='line_1_24' title="bbox 171 2647 1299 2744; baseline 0.003 -25"><span class='ocrx_word' id='word_1_180' title='bbox 171 2651 271 2743; x_wconf 75' lang='grc' dir='ltr'><em>γασίᾳ</em></span> <span class='ocrx_word' id='word_1_181' title='bbox 295 2657 364 2733; x_wconf 87' lang='grc' dir='ltr'><em>τοῖς</em></span> <span class='ocrx_word' id='word_1_182' title='bbox 389 2647 415 2721; x_wconf 78' lang='grc' dir='ltr'>τ’</span> <span class='ocrx_word' id='word_1_183' title='bbox 445 2647 565 2734; x_wconf 68' lang='grc' dir='ltr'><em>ἄλλοις</em></span> <span class='ocrx_word' id='word_1_184' title='bbox 594 2652 702 2721; x_wconf 81' lang='grc' dir='ltr'><em>ἅπασι</em></span> <span class='ocrx_word' id='word_1_185' title='bbox 732 2658 802 2734; x_wconf 82' lang='grc' dir='ltr'><em>τοῖς</em></span> <span class='ocrx_word' id='word_1_186' title='bbox 831 2653 866 2721; x_wconf 79' lang='grc' dir='ltr'>ἐν</span> <span class='ocrx_word' id='word_1_187' title='bbox 892 2661 939 2744; x_wconf 75' lang='grc' dir='ltr'>τῷ</span> <span class='ocrx_word' id='word_1_188' title='bbox 966 2661 1182 2742; x_wconf 78' lang='grc' dir='ltr'><em>πραγματικῷ</em></span> <span class='ocrx_word' id='word_1_189' title='bbox 1209 2651 1299 2743; x_wconf 80' lang='grc' dir='ltr'><em>τόπῳ</em></span> 
     </span>
     <span class='ocr_line' id='line_1_25' title="bbox 169 2749 1300 2845; baseline 0.001 -25"><span class='ocrx_word' id='word_1_190' title='bbox 169 2749 365 2841; x_wconf 82' lang='grc' dir='ltr'><em>θεωρήμασι</em></span> <span class='ocrx_word' id='word_1_191' title='bbox 386 2754 479 2840; x_wconf 88' lang='grc' dir='ltr'><em>παρὰ</em></span> <span class='ocrx_word' id='word_1_192' title='bbox 498 2755 583 2822; x_wconf 78' lang='grc' dir='ltr'><em>πολὺ</em></span> <span class='ocrx_word' id='word_1_193' title='bbox 606 2759 772 2843; x_wconf 79' lang='grc' dir='ltr'><em>προτερεῖν</em></span> <span class='ocrx_word' id='word_1_194' title='bbox 793 2752 940 2845; x_wconf 78' lang='grc' dir='ltr'><em>ἡγούμην</em></span> <span class='ocrx_word' id='word_1_195' title='bbox 956 2751 1140 2844; x_wconf 85' lang='grc' dir='ltr'><em>Ἰσοκράτην</em></span> <span class='ocrx_word' id='word_1_196' title='bbox 1154 2751 1300 2822; x_wconf 85' lang='grc' dir='ltr'><em>Λυσίου·</em></span> 
     </span>
     <span class='ocr_line' id='line_1_26' title="bbox 167 2852 1301 2944; baseline 0 -24"><span class='ocrx_word' id='word_1_197' title='bbox 167 2853 252 2921; x_wconf 84' lang='grc' dir='ltr'><em>κατὰ</em></span> <span class='ocrx_word' id='word_1_198' title='bbox 275 2853 311 2922; x_wconf 80' lang='grc' dir='ltr'>δὲ</span> <span class='ocrx_word' id='word_1_199' title='bbox 331 2856 389 2944; x_wconf 81' lang='grc' dir='ltr'>τὴν</span> <span class='ocrx_word' id='word_1_200' title='bbox 416 2852 630 2944; x_wconf 80' lang='grc' dir='ltr'><em>λαμπρότητα</em></span> <span class='ocrx_word' id='word_1_201' title='bbox 656 2860 722 2921; x_wconf 81' lang='grc' dir='ltr'>τῶν</span> <span class='ocrx_word' id='word_1_202' title='bbox 749 2853 942 2924; x_wconf 74' lang='grc' dir='ltr'><em>ὑποθέσεων</em></span> <span class='ocrx_word' id='word_1_203' title='bbox 967 2856 1024 2924; x_wconf 82' lang='grc' dir='ltr'>καὶ</span> <span class='ocrx_word' id='word_1_204' title='bbox 1050 2854 1084 2924; x_wconf 86' lang='grc' dir='ltr'>τὸ</span> <span class='ocrx_word' id='word_1_205' title='bbox 1110 2852 1301 2942; x_wconf 82' lang='grc' dir='ltr'><em>φιλόσοφον</em></span> 
     </span>
     <span class='ocr_line' id='line_1_27' title="bbox 166 2951 1301 3047; baseline -0.002 -25"><span class='ocrx_word' id='word_1_206' title='bbox 166 2960 222 3044; x_wconf 75' lang='grc' dir='ltr'>τῆς</span> <span class='ocrx_word' id='word_1_207' title='bbox 242 2952 467 3042; x_wconf 85' lang='grc' dir='ltr'><em>προαιρέσεως</em></span> <span class='ocrx_word' id='word_1_208' title='bbox 486 2956 600 3024; x_wconf 84' lang='grc' dir='ltr'><em>πλεῖον</em></span> <span class='ocrx_word' id='word_1_209' title='bbox 615 2955 789 3047; x_wconf 78' lang='grc' dir='ltr'><em>διαφέρειν</em></span> <span class='ocrx_word' id='word_1_210' title='bbox 803 2951 822 3046; x_wconf 74' lang='grc' dir='ltr'>ἢ</span> <span class='ocrx_word' id='word_1_211' title='bbox 840 2957 963 3037; x_wconf 81' lang='grc' dir='ltr'><em>παιδὸς</em></span> <span class='ocrx_word' id='word_1_212' title='bbox 977 2951 1089 3043; x_wconf 70' lang='grc' dir='ltr'><em>ἄνδρα,</em></span> <span class='ocrx_word' id='word_1_213' title='bbox 1114 2951 1159 3034; x_wconf 80' lang='grc' dir='ltr'>ὡς</span> <span class='ocrx_word' id='word_1_214' title='bbox 1173 2953 1190 3024; x_wconf 88' lang='grc' dir='ltr'>ὁ</span> <span class='ocrx_word' id='word_1_215' title='bbox 1205 2955 1301 3020; x_wconf 86' lang='grc' dir='ltr'><em>Πλά-</em></span> 
     </span>
     <span class='ocr_line' id='line_1_28' title="bbox 166 3050 1300 3145; baseline -0.003 -23"><span class='ocrx_word' id='word_1_216' title='bbox 166 3081 234 3124; x_wconf 88' lang='grc' dir='ltr'>των</span> <span class='ocrx_word' id='word_1_217' title='bbox 248 3050 387 3144; x_wconf 77' lang='grc' dir='ltr'><em>εἴρηκεν·</em></span> <span class='ocrx_word' id='word_1_218' title='bbox 411 3051 441 3122; x_wconf 83' lang='grc' dir='ltr'>εἰ</span> <span class='ocrx_word' id='word_1_219' title='bbox 456 3054 493 3122; x_wconf 77' lang='grc' dir='ltr'>δὲ</span> <span class='ocrx_word' id='word_1_220' title='bbox 504 3055 565 3144; x_wconf 80' lang='grc' dir='ltr'>χρη</span> <span class='ocrx_word' id='word_1_221' title='bbox 583 3055 620 3124; x_wconf 90' lang='grc' dir='ltr'>τὸ</span> <span class='ocrx_word' id='word_1_222' title='bbox 638 3051 766 3145; x_wconf 76' lang='grc' dir='ltr'><em>ἀληθὲς</em></span> <span class='ocrx_word' id='word_1_223' title='bbox 780 3061 894 3143; x_wconf 79' lang='grc' dir='ltr'><em>εἰπεῖν,</em></span> <span class='ocrx_word' id='word_1_224' title='bbox 917 3057 974 3124; x_wconf 85' lang='grc' dir='ltr'>καὶ</span> <span class='ocrx_word' id='word_1_225' title='bbox 990 3063 1055 3122; x_wconf 82' lang='grc' dir='ltr'>τῶν</span> <span class='ocrx_word' id='word_1_226' title='bbox 1070 3051 1180 3122; x_wconf 68' lang='grc' dir='ltr'><em>ἄλλων</em></span> <span class='ocrx_word' id='word_1_227' title='bbox 1195 3050 1300 3122; x_wconf 83' lang='grc' dir='ltr'><em>ἁπάν-</em></span> 
     </span>
     <span class='ocr_line' id='line_1_29' title="bbox 166 3152 1300 3247; baseline 0 -25"><span class='ocrx_word' id='word_1_228' title='bbox 166 3181 230 3223; x_wconf 90' lang='grc' dir='ltr'>των</span> <span class='ocrx_word' id='word_1_229' title='bbox 261 3152 407 3246; x_wconf 81' lang='grc' dir='ltr'><em>ῥητόρων</em></span> <span class='ocrx_word' id='word_1_230' title='bbox 427 3153 502 3223; x_wconf 84' lang='grc' dir='ltr'><em>ὅσοι</em></span> <span class='ocrx_word' id='word_1_231' title='bbox 526 3154 723 3247; x_wconf 83' lang='grc' dir='ltr'><em>φιλοσόφως</em></span> <span class='ocrx_word' id='word_1_232' title='bbox 742 3163 800 3226; x_wconf 79' lang='lat' dir='ltr'>cori</span> <span class='ocrx_word' id='word_1_233' title='bbox 823 3155 1022 3245; x_wconf 81' lang='grc' dir='ltr'><em>μαθήματος</em></span> <span class='ocrx_word' id='word_1_234' title='bbox 1044 3154 1164 3225; x_wconf 76' lang='grc' dir='ltr'><em>τούτου</em></span> <span class='ocrx_word' id='word_1_235' title='bbox 1197 3153 1300 3242; x_wconf 81' lang='grc' dir='ltr'><em>προέ-</em></span> 
     </span>
     <span class='ocr_line' id='line_1_30' title="bbox 168 3260 324 3347; baseline 0.006 -24"><span class='ocrx_word' id='word_1_236' title='bbox 168 3260 324 3347; x_wconf 58' lang='grc' dir='ltr'><em>στησανά)</em></span> 
     </span>
    </p>
   </div>
   <div class='ocr_carea' id='block_1_3' title="bbox 164 3444 1348 4446">
    <p class='ocr_par' dir='ltr' id='par_1_4' title="bbox 164 3444 1348 4023">
     <span class='ocr_line' id='line_1_31' title="bbox 168 3444 1300 3517; baseline -0.003 -17"><span class='ocrx_word' id='word_1_237' title='bbox 168 3447 241 3500; x_wconf 88' lang='lat' dir='ltr'>clare</span> <span class='ocrx_word' id='word_1_238' title='bbox 257 3445 436 3514; x_wconf 75' lang='lat' dir='ltr'>Barthelemy</span> <span class='ocrx_word' id='word_1_239' title='bbox 452 3444 603 3500; x_wconf 87' lang='lat' dir='ltr'>Anachars.</span> <span class='ocrx_word' id='word_1_240' title='bbox 621 3446 661 3510; x_wconf 87' lang='lat'>11,</span> <span class='ocrx_word' id='word_1_241' title='bbox 676 3465 703 3517; x_wconf 90' lang='lat' dir='ltr'>p.</span> <span class='ocrx_word' id='word_1_242' title='bbox 722 3449 770 3499; x_wconf 83' lang='lat'>109</span> <span class='ocrx_word' id='word_1_243' title='bbox 792 3446 877 3500; x_wconf 83' lang='lat' dir='ltr'>haece</span> <span class='ocrx_word' id='word_1_244' title='bbox 891 3444 1039 3517; x_wconf 87' lang='lat' dir='ltr'>judicavit:</span> <span class='ocrx_word' id='word_1_245' title='bbox 1065 3444 1178 3516; x_wconf 83' lang='lat' dir='ltr'>,malgre‘</span> <span class='ocrx_word' id='word_1_246' title='bbox 1195 3461 1237 3498; x_wconf 91' lang='lat' dir='ltr'>scs</span> <span class='ocrx_word' id='word_1_247' title='bbox 1255 3445 1300 3497; x_wconf 75' lang='lat' dir='ltr'>de-</span> 
     </span>
     <span class='ocr_line' id='line_1_32' title="bbox 166 3527 1300 3602; baseline -0.003 -18"><span class='ocrx_word' id='word_1_248' title='bbox 166 3531 253 3595; x_wconf 81' lang='lat' dir='ltr'>fants,</span> <span class='ocrx_word' id='word_1_249' title='bbox 282 3528 415 3602; x_wconf 81' lang='lat' dir='ltr'>auxquels</span> <span class='ocrx_word' id='word_1_250' title='bbox 436 3546 478 3582; x_wconf 90' lang='lat' dir='ltr'>ses</span> <span class='ocrx_word' id='word_1_251' title='bbox 499 3529 602 3583; x_wconf 85' lang='lat' dir='ltr'>cnemis</span> <span class='ocrx_word' id='word_1_252' title='bbox 624 3548 659 3584; x_wconf 92' lang='lat' dir='ltr'>en</span> <span class='ocrx_word' id='word_1_253' title='bbox 682 3530 807 3600; x_wconf 83' lang='lat' dir='ltr'>ajoutant</span> <span class='ocrx_word' id='word_1_254' title='bbox 838 3532 981 3600; x_wconf 88' lang='lat' dir='ltr'>beaucoup</span> <span class='ocrx_word' id='word_1_255' title='bbox 1006 3529 1133 3593; x_wconf 87' lang='lat' dir='ltr'>d&#39;autrcs‚</span> <span class='ocrx_word' id='word_1_256' title='bbox 1156 3546 1197 3582; x_wconf 90' lang='lat' dir='ltr'>ses</span> <span class='ocrx_word' id='word_1_257' title='bbox 1220 3527 1300 3582; x_wconf 75' lang='lat' dir='ltr'>dcrits</span> 
     </span>
     <span class='ocr_line' id='line_1_33' title="bbox 165 3612 1348 3687; baseline -0.003 -18"><span class='ocrx_word' id='word_1_258' title='bbox 165 3618 324 3687; x_wconf 68' lang='lat' dir='ltr'>prdsentcnt</span> <span class='ocrx_word' id='word_1_259' title='bbox 351 3621 412 3668; x_wconf 85' lang='lat' dir='ltr'>tant</span> <span class='ocrx_word' id='word_1_260' title='bbox 436 3614 470 3667; x_wconf 88' lang='lat' dir='ltr'>de</span> <span class='ocrx_word' id='word_1_261' title='bbox 492 3621 569 3667; x_wconf 90' lang='lat' dir='ltr'>tours</span> <span class='ocrx_word' id='word_1_262' title='bbox 594 3615 716 3667; x_wconf 87' lang='lat' dir='ltr'>heureux</span> <span class='ocrx_word' id='word_1_263' title='bbox 739 3621 767 3668; x_wconf 89' lang='lat' dir='ltr'>et</span> <span class='ocrx_word' id='word_1_264' title='bbox 792 3615 827 3666; x_wconf 93' lang='lat' dir='ltr'>de</span> <span class='ocrx_word' id='word_1_265' title='bbox 854 3615 943 3667; x_wconf 83' lang='lat' dir='ltr'>salnes</span> <span class='ocrx_word' id='word_1_266' title='bbox 970 3613 1114 3680; x_wconf 85' lang='lat' dir='ltr'>maximos,</span> <span class='ocrx_word' id='word_1_267' title='bbox 1142 3612 1221 3685; x_wconf 89' lang='lat' dir='ltr'>qu’ils</span> <span class='ocrx_word' id='word_1_268' title='bbox 1246 3630 1301 3666; x_wconf 90' lang='lat' dir='ltr'>ser·</span> <span class='ocrx_word' id='word_1_269' title='bbox 1338 3664 1348 3677; x_wconf 75' lang='grc'>,,</span> 
     </span>
     <span class='ocr_line' id='line_1_34' title="bbox 164 3695 1300 3769; baseline -0.002 -17"><span class='ocrx_word' id='word_1_270' title='bbox 164 3698 258 3752; x_wconf 87' lang='lat' dir='ltr'>viront</span> <span class='ocrx_word' id='word_1_271' title='bbox 275 3698 309 3752; x_wconf 90' lang='lat' dir='ltr'>de</span> <span class='ocrx_word' id='word_1_272' title='bbox 326 3698 446 3752; x_wconf 68' lang='lat' dir='ltr'>modales</span> <span class='ocrx_word' id='word_1_273' title='bbox 464 3701 480 3751; x_wconf 74' lang='lat' dir='ltr'>a</span> <span class='ocrx_word' id='word_1_274' title='bbox 498 3715 566 3752; x_wconf 86' lang='lat' dir='ltr'>ceux</span> <span class='ocrx_word' id='word_1_275' title='bbox 584 3697 631 3769; x_wconf 92' lang='lat' dir='ltr'>qui</span> <span class='ocrx_word' id='word_1_276' title='bbox 649 3705 749 3751; x_wconf 88' lang='lat' dir='ltr'>auront</span> <span class='ocrx_word' id='word_1_277' title='bbox 766 3697 792 3750; x_wconf 91' lang='lat' dir='ltr'>le</span> <span class='ocrx_word' id='word_1_278' title='bbox 809 3698 899 3751; x_wconf 85' lang='lat' dir='ltr'>talont</span> <span class='ocrx_word' id='word_1_279' title='bbox 916 3699 950 3751; x_wconf 91' lang='lat' dir='ltr'>de</span> <span class='ocrx_word' id='word_1_280' title='bbox 967 3697 1007 3751; x_wconf 89' lang='lat' dir='ltr'>les</span> <span class='ocrx_word' id='word_1_281' title='bbox 1026 3697 1139 3752; x_wconf 85' lang='lat' dir='ltr'>e&#39;tudier.</span> <span class='ocrx_word' id='word_1_282' title='bbox 1175 3695 1247 3750; x_wconf 85' lang='lat' dir='ltr'>C‘cst</span> <span class='ocrx_word' id='word_1_283' title='bbox 1264 3716 1300 3750; x_wconf 92' lang='lat' dir='ltr'>un</span> 
     </span>
     <span class='ocr_line' id='line_1_35' title="bbox 165 3781 1301 3845; baseline -0.003 -8"><span class='ocrx_word' id='word_1_284' title='bbox 165 3785 278 3838; x_wconf 79' lang='lat' dir='ltr'>rheteur</span> <span class='ocrx_word' id='word_1_285' title='bbox 288 3782 381 3838; x_wconf 85' lang='lat' dir='ltr'>habile</span> <span class='ocrx_word' id='word_1_286' title='bbox 399 3782 505 3836; x_wconf 76' lang='lat' dir='ltr'>destinc</span> <span class='ocrx_word' id='word_1_287' title='bbox 522 3785 539 3834; x_wconf 72' lang='lat' dir='ltr'>a</span> <span class='ocrx_word' id='word_1_288' title='bbox 560 3783 661 3835; x_wconf 85' lang='lat' dir='ltr'>former</span> <span class='ocrx_word' id='word_1_289' title='bbox 678 3782 842 3836; x_wconf 86' lang='lat' dir='ltr'>d&#39;exccllens</span> <span class='ocrx_word' id='word_1_290' title='bbox 859 3781 1000 3845; x_wconf 77' lang='lat' dir='ltr'>emireius,</span> <span class='ocrx_word' id='word_1_291' title='bbox 1019 3783 1083 3835; x_wconf 87' lang='lat' dir='ltr'>c&#39;cst</span> <span class='ocrx_word' id='word_1_292' title='bbox 1095 3800 1132 3834; x_wconf 93' lang='lat' dir='ltr'>un</span> <span class='ocrx_word' id='word_1_293' title='bbox 1144 3781 1301 3835; x_wconf 88' lang='lat' dir='ltr'>institutcur</span> 
     </span>
     <span class='ocr_line' id='line_1_36' title="bbox 165 3866 1301 3939; baseline -0.001 -19"><span class='ocrx_word' id='word_1_294' title='bbox 165 3867 259 3922; x_wconf 88' lang='lat' dir='ltr'>habile</span> <span class='ocrx_word' id='word_1_295' title='bbox 278 3867 377 3921; x_wconf 75' lang='lat' dir='ltr'>cclaird</span> <span class='ocrx_word' id='word_1_296' title='bbox 394 3867 518 3939; x_wconf 88' lang='lat' dir='ltr'>toujours</span> <span class='ocrx_word' id='word_1_297' title='bbox 536 3867 653 3921; x_wconf 81' lang='lat' dir='ltr'>attentis</span> <span class='ocrx_word' id='word_1_298' title='bbox 662 3885 717 3919; x_wconf 85' lang='lat' dir='ltr'>aux</span> <span class='ocrx_word' id='word_1_299' title='bbox 730 3869 843 3937; x_wconf 74' lang='lat' dir='ltr'>progrbs</span> <span class='ocrx_word' id='word_1_300' title='bbox 862 3869 896 3922; x_wconf 94' lang='lat' dir='ltr'>de</span> <span class='ocrx_word' id='word_1_301' title='bbox 913 3885 954 3921; x_wconf 89' lang='lat' dir='ltr'>ses</span> <span class='ocrx_word' id='word_1_302' title='bbox 971 3866 1098 3936; x_wconf 84' lang='lat' dir='ltr'>disciples</span> <span class='ocrx_word' id='word_1_303' title='bbox 1114 3874 1142 3919; x_wconf 90' lang='lat' dir='ltr'>ct</span> <span class='ocrx_word' id='word_1_304' title='bbox 1160 3885 1194 3918; x_wconf 87' lang='lat' dir='ltr'>au</span> <span class='ocrx_word' id='word_1_305' title='bbox 1212 3884 1301 3921; x_wconf 87' lang='lat' dir='ltr'>carac-</span> 
     </span>
     <span class='ocr_line' id='line_1_37' title="bbox 165 3951 472 4023; baseline -0.007 -17"><span class='ocrx_word' id='word_1_306' title='bbox 165 3954 224 4006; x_wconf 78' lang='lat' dir='ltr'>tbre</span> <span class='ocrx_word' id='word_1_307' title='bbox 242 3954 276 4007; x_wconf 88' lang='lat' dir='ltr'>de</span> <span class='ocrx_word' id='word_1_308' title='bbox 293 3953 354 4006; x_wconf 87' lang='lat' dir='ltr'>leur</span> <span class='ocrx_word' id='word_1_309' title='bbox 372 3951 472 4023; x_wconf 66' lang='lat' dir='ltr'>esprisf</span> 
     </span>
    </p>

    <p class='ocr_par' dir='ltr' id='par_1_5' title="bbox 166 4034 1300 4193">
     <span class='ocr_line' id='line_1_38' title="bbox 234 4034 1300 4106; baseline -0.002 -17"><span class='ocrx_word' id='word_1_310' title='bbox 234 4037 258 4104; x_wconf 91' lang='lat'>1)</span> <span class='ocrx_word' id='word_1_311' title='bbox 277 4053 317 4090; x_wconf 86' lang='lat' dir='ltr'>or.</span> <span class='ocrx_word' id='word_1_312' title='bbox 333 4036 383 4099; x_wconf 91' lang='lat' dir='ltr'>IV,</span> <span class='ocrx_word' id='word_1_313' title='bbox 401 4039 425 4092; x_wconf 82' lang='lat'>9.</span> <span class='ocrx_word' id='word_1_314' title='bbox 443 4036 478 4091; x_wconf 85' lang='lat' dir='ltr'>cf.</span> <span class='ocrx_word' id='word_1_315' title='bbox 496 4035 552 4090; x_wconf 84' lang='lat' dir='ltr'>Cic.</span> <span class='ocrx_word' id='word_1_316' title='bbox 570 4043 640 4089; x_wconf 83' lang='lat' dir='ltr'>orat.</span> <span class='ocrx_word' id='word_1_317' title='bbox 659 4039 703 4098; x_wconf 88' lang='grc'>14,</span> <span class='ocrx_word' id='word_1_318' title='bbox 728 4039 774 4088; x_wconf 85' lang='grc'>43;</span> <span class='ocrx_word' id='word_1_319' title='bbox 799 4036 867 4089; x_wconf 87' lang='lat' dir='ltr'>Tria</span> <span class='ocrx_word' id='word_1_320' title='bbox 884 4035 1002 4088; x_wconf 85' lang='lat' dir='ltr'>videnda</span> <span class='ocrx_word' id='word_1_321' title='bbox 1020 4042 1084 4088; x_wconf 90' lang='lat' dir='ltr'>sunt</span> <span class='ocrx_word' id='word_1_322' title='bbox 1101 4035 1214 4098; x_wconf 88' lang='lat' dir='ltr'>oratori,</span> <span class='ocrx_word' id='word_1_323' title='bbox 1234 4034 1300 4106; x_wconf 91' lang='lat' dir='ltr'>quid</span> 
     </span>
     <span class='ocr_line' id='line_1_39' title="bbox 166 4120 793 4193; baseline -0.002 -18"><span class='ocrx_word' id='word_1_324' title='bbox 166 4120 240 4175; x_wconf 84' lang='lat' dir='ltr'>dicat</span> <span class='ocrx_word' id='word_1_325' title='bbox 262 4128 291 4175; x_wconf 87' lang='lat' dir='ltr'>et</span> <span class='ocrx_word' id='word_1_326' title='bbox 309 4137 363 4193; x_wconf 92' lang='lat' dir='ltr'>quo</span> <span class='ocrx_word' id='word_1_327' title='bbox 381 4120 502 4192; x_wconf 91' lang='lat' dir='ltr'>quidque</span> <span class='ocrx_word' id='word_1_328' title='bbox 520 4121 582 4174; x_wconf 91' lang='lat' dir='ltr'>loco</span> <span class='ocrx_word' id='word_1_329' title='bbox 602 4127 630 4175; x_wconf 89' lang='lat' dir='ltr'>et</span> <span class='ocrx_word' id='word_1_330' title='bbox 647 4120 793 4192; x_wconf 89' lang='lat' dir='ltr'>quomodo.</span> 
     </span>
    </p>

    <p class='ocr_par' dir='ltr' id='par_1_6' title="bbox 164 4204 1300 4365">
     <span class='ocr_line' id='line_1_40' title="bbox 233 4204 1300 4275; baseline -0.001 -18"><span class='ocrx_word' id='word_1_331' title='bbox 233 4207 259 4271; x_wconf 82' lang='lat'>2)</span> <span class='ocrx_word' id='word_1_332' title='bbox 277 4204 311 4259; x_wconf 85' lang='lat' dir='ltr'>cf.</span> <span class='ocrx_word' id='word_1_333' title='bbox 331 4204 365 4258; x_wconf 84' lang='lat' dir='ltr'>R.</span> <span class='ocrx_word' id='word_1_334' title='bbox 374 4204 532 4259; x_wconf 88' lang='lat' dir='ltr'>Volkmann</span> <span class='ocrx_word' id='word_1_335' title='bbox 552 4206 702 4272; x_wconf 88' lang='lat' dir='ltr'>„Rhetorik</span> <span class='ocrx_word' id='word_1_336' title='bbox 721 4207 747 4258; x_wconf 91' lang='lat' dir='ltr'>d.</span> <span class='ocrx_word' id='word_1_337' title='bbox 759 4205 895 4260; x_wconf 88' lang='lat' dir='ltr'>Griechen</span> <span class='ocrx_word' id='word_1_338' title='bbox 914 4223 939 4257; x_wconf 93' lang='lat' dir='ltr'>u.</span> <span class='ocrx_word' id='word_1_339' title='bbox 958 4205 1088 4268; x_wconf 79' lang='lat' dir='ltr'>Romer“,</span> <span class='ocrx_word' id='word_1_340' title='bbox 1106 4204 1154 4275; x_wconf 86' lang='lat' dir='ltr'>qui</span> <span class='ocrx_word' id='word_1_341' title='bbox 1172 4223 1200 4274; x_wconf 91' lang='lat' dir='ltr'>p.</span> <span class='ocrx_word' id='word_1_342' title='bbox 1218 4207 1300 4256; x_wconf 75' lang='lat'>‘255-</span> 
     </span>
     <span class='ocr_line' id='line_1_41' title="bbox 164 4288 1176 4365; baseline -0.002 -22"><span class='ocrx_word' id='word_1_343' title='bbox 164 4293 198 4344; x_wconf 83' lang='grc'>59</span> <span class='ocrx_word' id='word_1_344' title='bbox 215 4290 251 4343; x_wconf 90' lang='lat' dir='ltr'>Is.</span> <span class='ocrx_word' id='word_1_345' title='bbox 269 4288 420 4344; x_wconf 85' lang='lat' dir='ltr'>orationem</span> <span class='ocrx_word' id='word_1_346' title='bbox 438 4297 541 4344; x_wconf 82' lang='lat' dir='ltr'>sextam</span> <span class='ocrx_word' id='word_1_347' title='bbox 559 4290 695 4343; x_wconf 85' lang='lat' dir='ltr'>suasoriae</span> <span class='ocrx_word' id='word_1_348' title='bbox 716 4292 832 4359; x_wconf 91' lang='lat' dir='ltr'>probum</span> <span class='ocrx_word' id='word_1_349' title='bbox 851 4288 1008 4365; x_wconf 81' lang='lat' dir='ltr'>exemplum</span> <span class='ocrx_word' id='word_1_350' title='bbox 1025 4288 1176 4360; x_wconf 82' lang='lat' dir='ltr'>proposuit.</span> 
     </span>
    </p>

    <p class='ocr_par' dir='ltr' id='par_1_7' title="bbox 232 4373 721 4446">
     <span class='ocr_line' id='line_1_42' title="bbox 232 4373 721 4446; baseline 0 -20"><span class='ocrx_word' id='word_1_351' title='bbox 232 4375 258 4441; x_wconf 87' lang='grc'>3)</span> <span class='ocrx_word' id='word_1_352' title='bbox 275 4374 310 4428; x_wconf 89' lang='lat' dir='ltr'>de</span> <span class='ocrx_word' id='word_1_353' title='bbox 327 4373 410 4428; x_wconf 88' lang='lat' dir='ltr'>Isocr.</span> <span class='ocrx_word' id='word_1_354' title='bbox 427 4393 455 4446; x_wconf 89' lang='lat' dir='ltr'>p.</span> <span class='ocrx_word' id='word_1_355' title='bbox 475 4378 523 4428; x_wconf 81' lang='lat'>558</span> <span class='ocrx_word' id='word_1_356' title='bbox 544 4376 579 4429; x_wconf 83' lang='lat' dir='ltr'>cf.</span> <span class='ocrx_word' id='word_1_357' title='bbox 596 4377 644 4428; x_wconf 80' lang='lat'>542</span> <span class='ocrx_word' id='word_1_358' title='bbox 662 4392 721 4446; x_wconf 88' lang='lat' dir='ltr'>sqq.</span> 
     </span>
    </p>
   </div>
   <div class='ocr_carea' id='block_1_4' title="bbox 0 0 1478 4830">
    <p class='ocr_par' dir='ltr' id='par_1_8' title="bbox 0 0 1478 4830">
     <span class='ocr_line' id='line_1_43' title="bbox 0 0 1478 4830; baseline 0 0"><span class='ocrx_word' id='word_1_359' title='bbox 0 0 1478 4830; x_wconf 95' lang='lat' dir='ltr'> </span> 
     </span>
    </p>
   </div>
  </div>
 </body>
</html>
