2946 4830
717 285 754 346 10

640 368 682 374 ..α
703 368 712 372 ..
736 367 844 374 —--‹---

169 468 272 532 neque
306 443 372 510 ullo
401 453 545 532 tempore
576 446 775 535 reipublicae
807 444 969 534 gerendae
1004 443 1186 531 periculum
1212 447 1296 511 feeit.

169 544 276 609 Nihilo
301 554 408 609 autem
435 546 533 610 0011110
561 545 602 611 (10
625 547 877 614 demonstrativo
904 544 1033 611 dicendi
1061 567 1179 631 genere
1208 568 1296 632 egre·

169 646 221 730 gie
249 667 286 710 eo
307 647 439 728 meruit,
472 646 558 733 quod
585 646 628 712 ad
656 647 783 714 civilem
811 646 1057 735 eloquentiam1)
1087 645 1297 711 excolendam

69 831 72 836 .
169 747 322 832 juvenum
350 747 473 810 animos
501 746 663 813 adducere
685 747 805 813 studuit
825 759 857 813 et
877 747 954 812 ludo
978 745 1034 811 illo
1055 769 1149 832 quem
1171 749 1299 835 aperuit

170 844 299 910 dicendi
314 855 346 910 01
365 847 429 911 suis
442 847 545 933 ipsius
571 871 651 934 quas
668 849 847 936 composuit
869 846 1080 914 orationibus.
1112 847 1297 928 Quaerere

169 944 212 1009 ad
232 944 419 1011 felicitatem
442 948 569 1032 patriae
591 947 772 1034 parandam
796 948 994 1032 excogitavit
1015 969 1073 1012 cur
1092 969 1157 1011 non
1179 947 1299 1011 fuerint

168 1053 250 1128 rata,
271 1044 347 1110 inde
369 1053 418 1110 001
438 1068 536 1111 001100
550 1046 698 1133 petenda,
721 1047 808 1134 quod
830 1069 850 1110 a
863 1048 931 1112 vita
945 1045 1076 1133 pubhca
1090 1047 1161 1134 ipse
1174 1046 1297 1112 alienus

169 1168 231 1232 quo
250 1153 350 1231 pacto
380 1144 578 1232 reipublicae
606 1145 795 1212 difficillimo
825 1154 970 1233 tempore
996 1156 1105 1232 posset
1133 1145 1298 1212 subveniri
1346 1193 1347 1197 ,

167 1267 233 1309 non
245 1254 450 1330 cognoverat.
474 1245 603 1311 Etenim
619 1249 694 1312 siin
711 1269 825 1334 campo
840 1245 1061 1311 illolatissimo
1080 1255 1111 1311 et
1125 1248 1298 1334 unicuique

168 1349 291 1431 patenti
311 1347 397 1410 vires
418 1348 628 1430 exercuisset,
659 1347 890 1432 intelligentiae
911 1345 1029 1411 finibus
1051 1355 1088 1412 ut
1114 1348 1162 1411 ita
1191 1347 1297 1412 dicam

168 1445 304 1531 prolatis
326 1468 417 1510 suam
439 1440 479 1511 de
493 1469 601 1512 rerum
615 1455 701 1512 statu
712 1456 745 1512 01
758 1448 922 1534 praesenti
943 1456 974 1511 et
988 1447 1095 1512 futuro
1115 1448 1297 1534 opinionem

169 1544 340 1611 emendare
365 1549 532 1632 potuisset.
574 1547 675 1634 Atqui
710 1548 795 1611 intra
823 1549 968 1633 privatos
1000 1545 1138 1612 00110100
1158 1549 1298 1634 parietes

168 1644 341 1709 concordia
364 1654 497 1710 cunctae
520 1645 679 1712 Graeciae
699 1656 819 1712 temere
841 1646 1065 1712 commendata
1081 1646 1299 1714 barbarorum

168 1745 243 1810 odia
257 1746 358 1838 voluit
373 1745 550 1811 accendere
565 1769 667 1834 eoque
682 1746 812 1813 devenit
823 1748 959 1829 erroris,
968 1755 1002 1810 ut
1015 1746 1155 1811 futuram
1171 1749 1299 1833 patriae

167 1846 421 1930 magnitudinem
443 1869 542 1933 penes
570 1869 641 1912 eum
665 1856 751 1912 01010
773 1848 963 1929 somniaret,
992 1847 1047 1932 qui
1068 1846 1213 1931 gladium
1233 1849 1299 1935 jam

168 1946 307 2028 strinxit,
331 1969 394 2031 quo
417 1945 617 2013 Graecorum
639 1947 822 2012 libertatem
844 1945 886 2011 ad
904 1945 1125 2012 Chaeroneam
1147 1948 1299 2013 11100101-

167 2068 244 2110 num
266 2047 510 2133 opprimeret.²)
554 2047 646 2127 Quae
668 2069 741 2111 cum
761 2046 875 2110 fierent
896 2068 1005 2111 eoram
1026 2039 1299 2114 nobilissimorum

168 2154 260 2210 coetu
282 2145 475 2230 auditorum,
498 2147 552 2233 qui
574 2168 783 2234 quaecunque
804 2147 960 2231 magister
988 2144 1118 2232 placido
1147 2161 1206 2212 ore·
1225 2170 1297 2234 pro·

166 2245 347 2328 nuntiabat,
359 2245 453 2332 largo
465 2248 582 2333 plausu
597 2245 855 2333 comprobarent,
869 2245 947 2332 quid
957 2247 1073 2310 mirum
1089 2246 1176 2331 quod
1189 2268 1295 2312 omnes

168 2344 341 2430 erigendae
363 2346 561 2433 reipublicae
585 2369 659 2433 spes
682 2355 714 2410 et
735 2344 885 2423 consilia,
911 2367 1046 2432 quorum
1074 2346 1295 2412 tenacissimus

171 2447 309 2532 tempori
330 2444 385 2510 ille
407 2444 517 2528 defuit,
539 2446 729 2511 adir1·itum
751 2445 886 2511 redacta
908 2454 989 2510 sunt.

247 2545 413 2632 Quidquid
421 2546 611 2612 verolaudis
620 2546 660 2610 de
668 2544 1010 2632 Isocratephilosopho
1019 2547 1134 2610 acviro
1142 2544 1300 2612 civilinon

164 2647 284 2734 injuria
299 2645 487 2729 detrahitur,
506 2670 578 2711 eum
595 2656 703 2710 tamen
716 2669 736 2710 a
751 2645 915 2732 sophistis
932 2646 966 2709 in
981 2667 1117 2731 quorum
1130 2667 1297 2710 numerum

167 2769 187 2809 a
208 2745 317 2810 multis
340 2746 421 2810 00101
441 2747 564 2829 referri,
591 2745 687 2829 longe
715 2767 754 2809 ac
780 2744 949 2832 praeclare
974 2767 1012 2810 00
1041 2738 1181 2821 differre,
1212 2744 1298 2831 quod

166 2844 246 2909 nihil
268 2845 383 2910 habuit
404 2847 566 2932 antiquius
589 2867 686 2932 quam
707 2853 744 2909 111
767 2847 970 2931 juventutem
993 2843 1035 2909 ad
1058 2845 1200 2930 patriam
1222 2845 1299 2909 olim

166 2944 248 3009 bene
277 2944 568 3011 administrandam
596 2967 708 3010 severe
734 2944 887 3010 educaret
914 2967 953 3032 ac
978 2967 1038 3031 pro
1066 2943 1192 3009 viribus
1221 2946 1299 3031 'ipse

166 3046 359 3128 institueret,
390 3045 432 3110 ad
454 3068 553 3110 unum
581 3067 691 3110 omnes
719 3045 963 3110 consentiemus.
1013 3042 1110 3124 Quod
1136 3043 1206 3109 fieri
1234 3067 1299 3108 non

167 3167 264 3232 posse
286 3154 375 3211 ratus
398 3147 461 3211 nisi
483 3154 559 3233 apte
588 3145 815 3232 eleganterque
844 3144 952 3210 dicere
980 3144 1150 3227 discerent,
1173 3145 1300 3231 praeci-

167 3270 233 3333 pua
251 3270 323 3311 eum
340 3245 509 3332 diligentia
528 3248 561 3311 in
577 3247 644 3311 suis
666 3245 866 3310 orationibus
881 3244 1101 3332 perpoliendis
1119 3243 1301 3309 elaboravit

167 3369 233 3410 non
255 3346 358 3411 solum
388 3355 421 3411 ut
452 3369 523 3411 cum
545 3346 678 3422 lenitate
702 3345 843 3432 quadam
870 3347 905 3409 in
926 3346 1051 3410 animos
1073 3346 1180 3431 potius
1203 3366 1299 3429 quam

167 3448 200 3510 in
223 3470 318 3511 aures
340 3446 519 3521 influerent,
554 3445 611 3510 sed
639 3455 674 3509 ut
704 3444 862 3510 haberent
891 3444 1040 3531 discipuli
1059 3443 1227 3531 ,exempla
1258 3443 1300 3507 ad

168 3569 251 3634 quae
272 3548 417 3633 ipsorum
440 3546 568 3610 dicendi
590 3555 693 3610 artem
714 3546 932 3609 informarent.
943 3547 967 3622 3)

237 3767 357 3838 1111110
384 3784 446 3820 eum
469 3751 609 3819 auctorem
627 3764 741 3817 laudare
759 3781 813 3817 non
831 3762 907 3827 licet,
929 3779 990 3814 cum
1011 3761 1070 3832 jam
1090 3761 1220 3832 Gorgiam
1243 3762 1302 3814 sinc

168 3856 225 3908 lare
248 3853 327 3907 illum
350 3859 378 3905 01
400 3857 528 3923 quaestus
550 3849 673 3904 faciundi
696 3865 777 3902 causa
799 3853 945 3918 vagantem
963 3844 1147 3914 sophistame
1171 3845 1302 3915 gradibus

168 3938 266 4009 templi
280 3935 434 4006 Olympiaci
449 3934 568 3988 Graecos
587 3941 618 3988 ut
635 3933 739 3988 bellum
759 3931 877 3986 universi
889 3929 981 3984 Persis
998 3929 1132 3983 inferrent
1150 3929 1302 4001 inflamasse

168 4030 285 4078 testetur
302 4020 429 4074 Philostr.
448 4020 496 4072 vit.
513 4021 590 4090 soph.
609 4039 634 4090 p.
656 4021 713 4072 493.
733 4019 769 4073 cf.
786 4016 852 4070 Foss
871 4015 922 4083 „de
944 4013 1065 4086 Gorgia“
1082 4033 1108 4085 p.
1127 4016 1166 4068 63.

237 4111 262 4175 2)
281 4106 321 4160 Ac
346 4123 380 4158 ne
399 4107 472 4159 facta
490 4105 600 4178 quidem
623 4104 673 4157 illa
695 4103 774 4157 clade
792 4102 875 4155 10001.
893 4099 1053 4171 Philippum
1075 4098 1203 4152 admirari
1223 4100 1304 4152 desti·

168 4194 232 4248 11000
255 4191 416 4261 comprobat
433 4190 492 4260 ejus
510 4189 628 4260 epistula
646 4187 737 4253 tertia,
755 4205 837 4259 quam
859 4205 875 4238 a
898 4184 1045 4238 Schaefero
1070 4191 1100 4237 ut
1121 4183 1241 4254 spuriam
1264 4202 1304 4237 re-

170 4277 311 4350 pudiatam
329 4275 407 4328 Blass
425 4276 495 4329 bene
514 4273 637 4328 defendit
656 4274 684 4327 in
703 4273 774 4326 Mus
792 4272 878 4324 Rhen.
898 4269 956 4322 XX
974 4288 1001 4338 p.
1015 4272 1062 4322 103
1077 4287 1137 4340 sqq.

237 4362 263 4432 3)
281 4361 323 4414 Dc
342 4360 418 4436 cujus
437 4359 511 4417 omui
524 4359 678 4434 juventutis
696 4357 854 4414 educandae
866 4362 949 4432 atquc
961 4353 1145 4412 instituendae
1157 4363 1216 4411 arte
1227 4371 1304 4429 prae-
