2946 4830
205 209 504 421 ορςιννλλ
657 291 864 380 ,...;ν,,.

195 454 259 535 Qui
288 454 373 543 quod
396 454 438 518 ad
465 452 708 539 depingendam
727 451 972 516 Atheniensium
1002 448 1206 538 splendidam
1226 452 1340 515 atita

194 555 299 618 dicam
321 555 486 617 miseriam
505 552 581 624 XII,
607 559 646 617 54
669 559 899 616 commemorat
921 550 1035 614 haece:
1057 551 1105 625 τίς
1126 541 1183 629 οὐχ
1204 540 1245 611 ἀν
1266 540 1338 613 ἀλ-

194 649 325 738 γήσειεν,
355 650 432 716 ὅταν
451 643 506 737 ἴδῃ
528 652 671 725 πολλοὺς
691 653 758 713 τῶν
784 653 927 714 πολιτῶν
949 644 1068 724 αι’τοῦς
1092 645 1153 728 μὲν
1173 644 1339 730 περὶτῶν

194 743 381 832 ἀναγκαίων
402 743 469 813 εἶδ’
495 744 623 826 ἕξουσιν
643 742 708 814 εἴτε
729 747 786 832 μὴ,
807 747 868 830 πρὸ
883 752 949 813 τιῦν
967 748 1181 833 δικαστηρίων
1197 752 1338 833 κληρου-

192 847 315 932 μένους,
342 852 406 913 τιῦν
429 842 457 911 δ
478 842 641 935 Ἑλλήνων
659 845 734 925 τοὺς
762 845 913 914 ἐλαύνειν
933 844 996 924 τάς
1018 851 1096 923 ναῦς
1116 845 1341 930 βουλομένους

63 965 65 970 ’
176 946 322 1033 Ιτρέφειν
351 942 538 1027 ἀξιοῦντας,
567 945 623 1012 καὶ
647 943 842 1031 χορεύοντας
869 945 928 1029 μὲν
962 943 996 1012 ἐν
1020 949 1150 1027 χρυσοῖς
1176 940 1339 1030 ἱματίοις,

190 1042 444 1127 χειμάζονταςδ
463 1045 739 1124 ίντοιούτοις,
765 1037 884 1124 ε’νοῖς
905 1040 948 1111 οὐ
970 1042 1341 1131 βοῦλομαιλὲγειν,

192 1160 299 1212 vestes
322 1148 482 1233 significat
507 1170 623 1235 quam
651 1149 906 1213 miserrimas
934 1149 1046 1234 reique
1066 1149 1171 1235 majus
1191 1148 1339 1232 imponit

192 1256 388 1312 momentum
415 1269 511 1333 quam
543 1247 654 1311 addito
683 1246 841 1312 vocabulo
863 1241 1017 1330 ἦκίοτοις.
1046 1247 1085 1312 cf.
1108 1247 1198 1321 VIII,
1226 1252 1266 1314 81
1290 1243 1336 1309 τὰ

191 1342 251 1425 μὲν
271 1340 449 1425 πικρότατα
472 1343 529 1408 καί
543 1337 675 1426 μάλιστ’
700 1339 740 1408 ἀν
762 1341 847 1426 ῦμῦς
861 1341 1052 1429 λυπήσοντα
1072 1343 1340 1430 παραλείψω.

275 1445 432 1510 Extremo
454 1446 590 1530 denique
607 1445 679 1510 loco
693 1447 833 1510 fortasse
854 1446 917 1509 huc
932 1448 1094 1532 pertinent
1115 1445 1338 1531 opposito-

165 1595 168 1599 .
193 1569 277 1609 rum
300 1544 461 1630 quaedam
480 1544 639 1631 exempla,
669 1545 786 1631 quibus
806 1568 872 1610 non
895 1547 995 1609 verba
1018 1544 1120 1609 solum
1148 1543 1206 1608 sed
1231 1546 1337 1609 etiam

194 1645 420 1709 sententiae
443 1654 660 1730 opponuntur,
690 1643 791 1708 veluti
819 1644 910 1726 VIII,
934 1651 1007 1712 108:
1044 1636 1104 1721 οάχ
1130 1636 1151 1725 ἡ
1181 1636 1240 1724 μὲν
1267 1645 1338 1706 τῶν

193 1735 794 1828 ἀττικιζόντωνπολυπραγμοσύνη
808 1737 1109 1820 λακωνίζειντὰς
1118 1738 1231 1816 πόλεις
1240 1737 1339 1807 dnod-¹

192 1864 274 1926 ησεν,
298 1838 370 1928 ἡδὲ
384 1844 447 1905 τῶν
462 1838 771 1920 λακωνιζόντων
791 1839 886 1925 ὕβρις
906 1836 1125 1920 ἀττικίζειν
1145 1838 1207 1915 τοὶς
1228 1833 1341 1918 αῦτοίς

191 1935 312 2016 ταύτας
327 1934 513 2027 ἠνάγκασεν.
536 1943 574 2007 cf.
588 1943 628 2025 V,
656 1949 712 2009 115
735 1934 780 2020 ἐξ)
804 1931 848 2006 ὧν
867 1935 999 2027 ποιήσει
1020 1939 1081 2016 τὰς
1102 1934 1269 2020 στρατείας
1289 1935 1335 2007 ου’.

191 2038 289 2120 μετὰ
321 2042 394 2103 τῶν
424 2034 657 2125 βαρβάρων,
688 2035 748 2124 ἐφ’
783 2031 853 2117 οῦς
881 2034 925 2106 ου’
958 2036 1087 2105 δίκαιόν
1115 2037 1213 2125 ἐστιν,
1241 2034 1337 2105 ἀλλὰ

190 2137 290 2220 μετὰ
307 2143 381 2203 τῶν
398 2134 605 2223 Ἑλλήνων
623 2135 687 2204 ἐπί
705 2135 887 2216 τούτους,
907 2137 996 2222 πρὸς
1017 2131 1074 2216 οῦς
1086 2135 1246 2225 προσήκει
1266 2163 1338 2205 τοο-ς

192 2237 311 2318 λεμεῖν.
334 2249 365 2304 et
378 2238 422 2314 X,
440 2246 459 2304 5
474 2234 560 2312 πολῦ
574 2234 721 2321 κρεῖττόν
743 2237 813 2303 ἐστι
834 2236 991 2321 περὶτῶν
1007 2234 1169 2324 χρησίμων
1181 2238 1339 2317 ἐπιεικῶς

192 2333 341 2416 δοξάζειν
357 2330 378 2424 ἢ
391 2335 466 2417 περὶ
480 2339 545 2400 νῦν
562 2330 730 2424 ἀγρήοτων
741 2331 888 2420 ἀκριβῶς
903 2333 1120 2417 ἐπίστασθαι,
1144 2338 1200 2405 καί
1214 2337 1337 2422 μικρὸν

191 2433 381 2518 προέχειν
403 2434 519 2512 ἐντοῖς
538 2434 735 2520 μεγάλοις
754 2436 887 2519 μᾶλλον
902 2432 927 2523 ἢ
941 2435 1040 2502 πολὺ
1064 2435 1282 2525 διαφέρειν
1299 2437 1338 2504 ἐν

190 2539 260 2611 τοῖς
279 2538 446 2618 μικροῖς
465 2532 518 2599 καί
540 2539 609 2613 τοῖς
629 2533 732 2623 μηδὲν
754 2536 840 2619 πρὸς
859 2535 917 2602 τὸν
938 2533 1014 2620 βίον
1035 2530 1229 2625 ὠφελοῦσιν.

273 2638 464 2702 Proximum
475 2646 532 2720 est,
554 2647 589 2701 ut
605 2637 645 2702 de
659 2637 877 2704 verborum
898 2639 1022 2724 liguria,
1039 2639 1156 2726 quibus
1167 2640 1336 2704 Isocrates

192 2757 270 2800 usus
293 2742 344 2812 sit,
368 2735 446 2819 quid
469 2737 691 2802 existimemus
707 2748 898 2824 exponatur.
943 2737 1036 2818 Quae
1052 2737 1203 2802 distribui
1225 2738 1336 2804 solent

191 2837 225 2901 in
254 2837 544 2921 grammaticas
576 2846 608 2900 et
636 2836 885 2918 rhetoricas3
919 2850 951 2901 et
987 2848 1021 2902 ut
1051 2838 1116 2901 illis
1150 2836 1335 2902 Isocratem

191 2934 287 3021 plane
312 2935 379 2998 fere
407 2934 603 3000 abstinuisse
634 2959 733 3022 supra
757 2939 829 3023 jam
850 2937 1001 3010 vidimus,
1025 2939 1072 3001 ita
1094 2937 1154 3001 has
1175 2940 1330 3023 exceptis

189 3033 254 3098 illis
289 3035 448 3119 oppositis
486 3035 596 3119 eisque
628 3057 711 3120 quae
742 3035 818 3100 illuc
852 3044 1001 3122 spectant
1031 3035 1142 3100 sedulo
1164 3035 1333 3101 rhetorem

192 3135 331 3197 evitasse
351 3155 417 3197 non
438 3131 569 3197 difficile
591 3136 652 3198 erit
676 3134 719 3197 ad
743 3135 1038 3200 demonstrandum.
1078 3135 1186 3222 Atque
1208 3133 1251 3198 ad
1273 3156 1335 3200 eas
1406 3187 1412 3203 .

192 3231 321 3319 quidem
343 3232 476 3316 figuras,
502 3254 585 3319 quae
613 3232 868 3320 adjiciendis
890 3233 1058 3299 vocabulis
1080 3235 1233 3308 existunt,
1255 3255 1333 3319 per·
1362 3222 1365 3227 ¹

190 3333 272 3394 tinet
293 3342 368 3395 ante
392 3335 500 3395 omnia

273 3430 385 3516 Epan
395 3431 470 3516 aph
480 3454 549 3495 ora
569 3456 595 3495 s.
609 3432 821 3518 anaphora
835 3427 1060 3516 (ἐπαναφορὰ,
1074 3423 1253 3517 ἀναφορά),
1265 3431 1332 3495 fre·

191 3531 402 3613 quentissima
412 3530 468 3593 illa
482 3531 571 3616 apud
585 3531 729 3617 Lysiam,
745 3530 832 3618 apud
851 3532 1029 3596 Isocratem
1045 3539 1174 3616 praeter
1190 3531 1334 3595 usitatas

190 3628 287 3693 hasce
298 3629 467 3694 formulas:
489 3626 668 3707 ταῦταμὲν,
687 3633 788 3694 ταῦτα
805 3626 851 3703 δὲ,
868 3624 942 3693 τότε
953 3625 1021 3711 μὲν,
1038 3624 1114 3694 τότε
1126 3624 1163 3719 δὲ
1179 3636 1211 3693 et
1225 3650 1254 3712 q.
1266 3651 1292 3692 s.
1304 3651 1334 3694 s.

190 3750 336 3813 perrara.
356 3725 533 3793 'Attamen
556 3733 678 3794 erravit
697 3730 740 3792 Η.
763 3730 982 3816 Frohberger‚
1014 3732 1069 3816 qui
1090 3730 1230 3793 inveniri
1257 3749 1334 3793 eam

191 3827 279 3913 apud
306 3827 392 3892 hunc
420 3829 612 3914 scriptorem
640 3831 703 3893 nisi
732 3829 842 3904 XVII,
877 3836 917 3897 34
951 3831 1079 3895 omnino
1108 3829 1278 3914 negaverit
1290 3829 1332 3909 ¹);

190 3949 340 4014 namque,
360 3935 396 3990 ut
418 3928 604 3992 omittamus
625 3927 706 3992 illud
729 3927 815 4015 quod
836 3929 889 3993 hic
912 3928 1019 3993 attulit
1038 3926 1233 4014 exemplum,
1261 3949 1331 3991 non

191 4048 262 4090 esse
285 4025 538 4112 epanaphoram,
566 4050 639 4092 curn
660 4050 724 4093 non
754 4029 839 4093 idem
862 4038 1029 4115 repetatur
1051 4024 1256 4100 vocabulum,
1278 4048 1330 4090 re-

190 4127 315 4210 peritur
326 4125 366 4208 V,
382 4130 450 4201 108,
468 4126 524 4190 ubi
541 4126 581 4190 de
599 4125 743 4212 Philippi
758 4137 852 4212 patre
869 4128 1078 4213 proferuntur
1090 4125 1184 4189 haec:
1204 4117 1255 4206 μα’
1263 4145 1333 4200 νος

190 4280 398 4288 -..——-——

259 4343 283 4408 l)
300 4359 428 4412 ,ausgew.
448 4342 544 4396 Reden
563 4344 590 4395 d.
610 4342 680 4410 Lys‘
698 4342 752 4394 vol.
769 4344 791 4396 Ι.
808 4343 939 4414 Prologg.
956 4363 982 4414 p.
1001 4346 1031 4396 10
1049 4341 1085 4396 H.
1104 4349 1160 4394 not.
1178 4345 1220 4395 69.
1247 4320 1248 4324 ¹
