2946 4830
688 298 727 360 35

225 455 377 521 Diximus
401 457 440 522 de
467 461 595 546 tropis
617 460 801 543 Isocrateis,
831 482 910 547 quos
939 463 1203 549 perspicuitatem
1231 476 1277 530 at-

144 578 204 642 que
234 555 430 622 evidentiam
457 581 576 645 augere
608 561 715 646 potius
749 583 846 646 quam
877 561 1020 625 minuere
1043 572 1130 628 certo
1159 567 1277 628 certius

143 656 410 723 confirmaverim.
456 657 522 723 Sed
550 669 683 725 ornatur
711 648 814 724 oratio
844 660 947 725 altera
974 660 1117 751 'quadam
1148 665 1276 747 virtute,

143 779 239 843 quam
269 749 485 840 ἐνάργειαν
515 758 635 824 Graeci
668 769 803 842 vocant,
832 760 990 824 efficiente
1014 761 1071 825 illa
1097 784 1277 828 sermonem

143 857 251 921 vivum
280 880 319 921 ac
343 857 505 923 fervidum
519 861 548 935 ¹).
601 858 708 939 Quam
729 862 805 947 jure
838 860 872 923 in
896 859 1041 925 Isocrate
1069 884 1088 925 a
1116 861 1276 948 Dionysio

142 954 270 1019 laudari
302 958 483 1044 quicunque
516 958 603 1023 illius
635 960 796 1024 orationes
830 958 1053 1044 perlegerunt·
1069 963 1276 1039 consentient.

142 1053 191 1119 Ac
222 1054 508 1122 luculentissimum
539 1057 668 1145 quidem
705 1056 932 1123 documentum
964 1057 1082 1144 legitur
1107 1059 1188 1135 Vll,
1220 1068 1275 1125 74:

142 1147 317 1236 ἐπίσταμαι
348 1150 382 1218 ἒν
411 1151 472 1236 μέν
499 1159 569 1232 τοῖς
605 1149 720 1232 άλλσις
750 1151 868 1232 τόποις
901 1152 1019 1242 φάσεις
1049 1152 1277 1240 ἐγγιγνομένας

141 1257 278 1335 καρπιῦν
305 1253 360 1317 καὶ
388 1251 532 1337 δένδρων
553 1253 609 1320 καὶ
632 1254 719 1335 ζώων
751 1250 838 1332 ἰδίας
866 1254 898 1320 έν
925 1249 1076 1333 ἑκάστοις
1102 1257 1156 1320 καὶ
1183 1257 1273 1324 aelii

141 1356 202 1416 τῶν
224 1346 332 1418 άλλων
362 1351 596 1441 διαφερούσας,
622 1354 677 1443 τὴν
698 1348 725 1421 δ’
753 1351 916 1439 ἡμετέραν
939 1353 1046 1439 χώραν
1073 1352 1195 1438 άνδρας
1218 1354 1275 1445 φέ-

140 1475 209 1535 ρειν
222 1450 279 1518 καὶ
299 1450 432 1537 τρέφειν
453 1455 626 1543 δυναμένην
648 1448 685 1520 οδ
707 1451 811 1538 μόνον
832 1453 916 1538 πρὸς
935 1454 995 1532 τὰς
1014 1453 1128 1536 τέχνας
1142 1456 1198 1522 καὶ
1217 1461 1275 1536 τὰς

141 1550 272 1636 πράξεις
292 1551 346 1618 καὶ
366 1551 443 1630 τοὺς
462 1549 580 1638 λόγους
602 1549 838 1643 εὐφυεστάταις
857 1549 944 1619 tlte
969 1554 1022 1620 καὶ
1037 1555 1123 1641 πρὸς
1138 1551 1276 1641 ἀνδρίαν
1330 1628 1331 1631 ,

143 1650 303 1736 καὶπρὸς
323 1647 442 1738 άρετήν
468 1653 555 1736 πολὺ
586 1652 814 1742 διαφέροντας.
856 1657 924 1722 Nec
945 1660 1049 1722 minus
1072 1658 1159 1723 clare
1181 1667 1276 1744 atque

142 1757 258 1820 acriter
273 1754 489 1820 Archidamus
505 1755 561 1838 VI,
581 1764 638 1823 110
653 1755 931 1823 Lacedaemonios
953 1759 999 1822 ait
1013 1759 1060 1825 ita
1077 1760 1218 1823 maxime
1233 1759 1276 1823 ad

141 1855 259 1919 bellum
279 1857 320 1920 iri
343 1857 523 1932 incitatum,
548 1857 576 1920 si
598 1865 672 1920 ante
696 1857 821 1924 animos
844 1856 906 1920 sibi
926 1859 1155 1943 proposuerint
1172 1867 1204 1922 et
1219 1880 1275 1943 pa-

141 1964 247 2020 rentes
279 1955 319 2020 de
347 1957 473 2042 patriae
507 1951 623 2041 gloria,
660 1955 804 2042 legibue,
833 1958 977 2021 victoriis
1006 1956 1215 2022 admonentes
1245 1967 1276 2021 et

140 2055 260 2121 liberos
282 2065 402 2120 terram
425 2078 445 2119 a
466 2055 644 2140 majoribus
665 2055 810 2121 relictam
833 2079 1055 2144 summumque
1076 2058 1110 2120 in
1135 2055 1276 2121 Graecia

140 2157 312 2242 imperium
334 2178 354 2219 a
375 2155 524 2242 patribus
545 2156 628 2242 ipsis
647 2155 807 2220 traditum
826 2166 1044 2242 reposcentes.
1068 2193 1107 2202 -

221 2255 359 2320 Illustris
371 2264 477 2320 autem
491 2256 528 2319 fit
540 2254 694 2320 Isocratis
709 2256 811 2319 oratio
833 2278 882 2338 ac,
907 2257 935 2320 si
954 2256 1122 2322 Ciceronis
1137 2255 1213 2320 licet
1226 2259 1274 2322 uti

139 2354 261 2432 verbis,
277 2378 331 2420 res
346 2377 449 2441 paene
466 2346 540 2419 ante
554 2353 662 2420 oculos
679 2356 917 2419 constituuntur
932 2356 1093 2442 imprimis
1105 2356 1275 2442 permultis

141 2464 173 2520 et
195 2456 336 2540 egregiis
359 2452 727 2536 similitudinibus,
749 2476 831 2540 quae
855 2455 923 2518 sive
945 2477 965 2518 a
979 2464 1106 2538 natura,
1127 2457 1195 2520 sive
1218 2456 1274 2520 ali-

140 2554 227 2619 unde
249 2564 322 2619 sunt
343 2555 472 2641 petitae.
516 2552 643 2633 Quibus
665 2553 807 2618 omnium
832 2551 992 2618 ditissima
1013 2562 1062 2618 est
1083 2547 1190 2640 prima
1218 2555 1275 2620 illa

141 2656 243 2718 oratio
263 2653 305 2718 ad
319 2654 533 2718 Demonicum
545 2655 668 2739 scripta
686 2674 789 2739 neque
803 2651 904 2717 ullam
920 2655 1194 2739 comparationem
1210 2678 1274 2720 non

141 2763 260 2818 temere
282 2755 510 2839 vituperemus.
556 2752 686 2832 Quanto
710 2753 794 2816 enim
823 2754 893 2838 jure
915 2753 1055 2838 scriptor
1075 2752 1101 2831 I,
1126 2761 1158 2818 11
1191 2777 1274 2818 com-

140 2863 299 2918 memorat
324 2864 420 2939 turpe
456 2874 543 2934 esse,
577 2850 664 2938 quod
698 2851 773 2916 dum
801 2852 941 2937 pictores
964 2852 1118 2917 animalia
1138 2853 1275 2939 pulchra

141 2953 333 3039 depingant,
368 2951 463 3016 liberi
493 2960 645 3038 parentes
682 2950 803 3038 probos
837 2972 902 3015 non
937 2952 1116 3018 imitentur!
1168 2952 1275 3033 Quam

141 3055 270 3138 egregie
300 3052 495 3117 adhortatur
522 3051 548 3132 I,
571 3056 611 3119 25
634 3073 693 3116 nos
722 3061 758 3115 ut
785 3051 869 3116 sicut
896 3074 1010 3116 aurum
1039 3051 1081 3116 ad
1105 3051 1274 3117 obrussam

143 3155 321 3239 exigamuS,
358 3154 404 3216 ita
430 3151 551 3216 amicos
575 3153 608 3215 in
638 3150 735 3216 rebus
769 3150 917 3215 adversis
951 3153 1125 3218 tentemusl
1185 3151 1286 3232 Quid*

139 3274 217 3317 vero
250 3260 355 3338 potest
390 3273 460 3315 esse
491 3251 620 3337 aptius,
660 3273 756 3338 quam
790 3249 877 3337 quod
909 3253 1001 3331 §32
1031 3260 1170 3316 mentem
1198 3253 1274 3317 vino

140 3361 326 3438 corruptam
341 3350 428 3415 idem
444 3350 524 3414 dicit
541 3352 612 3436 pati
625 3360 722 3437 atque
738 3372 866 3415 currum
881 3351 996 3436 auriga
1011 3351 1219 3416 destitutum?
1235 3389 1273 3398 -

140 3451 294 3517 Ceterum
317 3452 356 3515 cf.
378 3454 430 3532 ἐξ.
456 3457 503 3525 15,
532 3456 579 3532 19,
603 3454 656 3532 27,
678 3454 727 3532 29,
755 3456 810 3532 44,
835 3456 885 3520 45.
933 3449 1107 3515 Praeclare
1136 3450 1274 3538 denique
1331 3511 1334 3518 .

139 3551 250 3615 finitur
279 3550 335 3615 illa
373 3551 478 3614 oratio
514 3548 594 3614 hace
628 3548 852 3615 similitudine:
888 3543 996 3631 ὥσπερ
1028 3545 1065 3633 aa)
1072 3572 1089 3611 ν
1119 3545 1274 3630 μέλιτταν

140 3644 270 3732 δρῶμεν
301 3642 352 3737 ἐφ’
383 3644 511 3712 ἅπαντα
538 3644 599 3729 μέν
623 3645 663 3711 τά
692 3642 908 3732 βλαστήματα
928 3642 1188 3726 καδιζάνοοσαν,
1215 3641 1271 3735 ἀφ’

140 3745 275 3813 ἑκάστου
299 3745 335 3812 δὲ
354 3746 395 3812 τδι
417 3743 571 3832 βέλτιστα
587 3742 832 3831 λαμβάνουσαν,
856 3745 940 3812 οὕτω
964 3747 1014 3812 δεῖ
1034 3745 1091 3811 καὶ
1105 3744 1182 3824 τοδς
1194 3769 1273 3812 τιατ-

140 3850 228 3926 δείας
249 3845 464 3936 ὀρεγομένους
483 3844 628 3933 μηδενὸς
646 3843 707 3930 μέν
729 3840 874 3931 ἀπείρως
890 3842 984 3932 ἔχειν,
1006 3842 1220 3927 πανταχόθεν
1240 3847 1275 3914 δὲ

138 3948 178 4016 τὰ
198 3944 340 4037 χρήσιμα
363 3945 540 4032 συλλέγειν.
568 3948 634 4014 Sed
649 3950 745 4013 etiam
760 3950 795 4013 in
809 3948 944 4036 reliquis
959 3949 1158 4016 orationibus
1174 3951 1273 4036 aptis·

142 4154 349 4163 ——

208 4268 232 4335 1)
252 4266 388 4331 Quinctil.
406 4267 485 4332 VIII,
503 4270 528 4330 3,
545 4269 589 4319 62:
612 4265 715 4338 Magna
733 4265 818 4319 virtus
831 4272 881 4330 est,
898 4283 949 4330 res,
967 4265 1113 4339 dequibus
1128 4265 1275 4338 loquimur,

140 4354 212 4407 clare
225 4361 317 4425 atque,
333 4360 364 4405 ut
376 4351 451 4406 cerni
462 4352 616 4414 videantur,
629 4351 780 4404 enuntiare.
798 4351 833 4403 cf.
846 4349 903 4404 Cic.
915 4350 1008 4422 partit.
1021 4358 1121 4406 orator.
1134 4369 1156 4407 o.
1170 4350 1273 4416 V1,2o.

1032 4433 1067 4486 3*
