2946 4830
714 292 748 353 11

248 457 298 522 Ac
320 454 384 521 duo
407 454 537 542 quidem
558 457 699 521 maxime
720 456 880 522 Isocrates
904 457 1057 544 prudenti
1085 459 1206 522 oratori
1227 481 1298 522 esse

165 557 309 624 videnda
328 579 393 623 non
414 555 586 642 ignoravit,
609 565 644 620 ut
666 558 867 641 excogitaret
888 579 972 644 quae
994 557 1037 622 ad
1059 581 1128 623 rem
1151 561 1297 645 proposi-

165 646 239 723 tam¹
254 655 462 722 audientibus
484 654 690 742 probandam
710 655 857 722 valerent
884 665 1074 743 argumenta
1103 653 1156 738 (τὰ
1178 652 1300 744 προσή-

166 780 266 822 κοντα
289 753 539 842 ἐνθυμηθῆναι)
563 777 665 844 eaque
690 765 802 822 ornate
824 756 933 822 verbis
956 758 1154 844 exprimeret
1175 781 1214 824 ac
1236 758 1298 824 dis-

165 865 303 946 poneret
331 855 411 934 (τοῖς
438 847 597 936 ὀνόμασιν
624 844 667 920 ου’
687 851 896 935 διαθέσθαι).
908 859 929 935 1)
973 857 1076 937 Quem
1097 858 1205 944 ipsum
1225 859 1301 924 licet

167 960 203 1024 in
225 955 425 1024 orationibus
442 954 624 1021 forensibus
647 955 782 1021 aliorum
807 959 959 1022 astutiam
975 966 1006 1022 et
1022 956 1230 1022 calliditatem
1244 958 1300 1023 de·

169 1058 287 1122 fecisse
298 1054 393 1122 facile
411 1053 627 1141 intellegatur,
642 1064 784 1121 ceterum
799 1065 906 1121 tamen
922 1079 980 1121 sua
995 1056 1077 1122 bene
1092 1067 1124 1122 ct
1137 1058 1300 1122 invenisse

172 1166 204 1222 et
219 1155 416 1242 disposuisse
436 1156 527 1221 testis
550 1164 608 1237 est,
629 1165 665 1220 ut
683 1178 748 1221 uno
764 1165 851 1221 certe
869 1165 996 1222 utamur
1015 1156 1174 1244 exemplo,
1197 1159 1299 1224 oratio

171 1256 382 1343 Panegyrico.
424 1253 464 1320 In
486 1277 550 1343 qua
572 1255 699 1321 civibus
719 1257 785 1321 suis
806 1279 888 1343 pace
909 1259 993 1322 inter
1016 1279 1050 1322 se
1071 1258 1219 1322 restituta
1233 1256 1298 1322 bel·

168 1356 234 1422 lum
255 1377 326 1421 oum
348 1353 500 1420 barbaris
523 1357 734 1421 communiter
756 1357 997 1444 suscipiendum
1019 1356 1299 1424 commendaturus

166 1457 308 1544 primum
329 1454 581 1520 Atheniensibus
611 1479 768 1521 summum
794 1458 967 1542 imperium
996 1479 1066 1522 esse
1094 1456 1299 1545 tribuendum

166 1553 243 1620 inde
255 1553 405 1632 ostendit,
423 1555 510 1641 quod
525 1577 637 1621 eorum
650 1556 692 1620 sit
703 1555 820 1622 nobilis
832 1557 936 1643 origo,
952 1579 1072 1643 magna
1086 1556 1173 1644 apud
1188 1580 1299 1623 omnes

166 1654 313 1721 homines
326 1655 511 1738 auctoritas,
523 1657 655 1742 egregia
668 1679 747 1742 erga
758 1655 901 1744 reliquas
913 1657 1060 1722 civitates
1075 1658 1200 1733 merita,
1217 1679 1299 1741 quae

169 1777 241 1820 cum
263 1756 298 1820 in
313 1754 497 1821 domesticis
511 1756 666 1820 institutis
684 1767 752 1823 turn
767 1758 801 1820 in
815 1755 939 1822 bellicis
954 1756 1052 1822 rebus
1066 1759 1300 1823 contineantur.

169 1853 296 1920 Deinde
320 1877 417 1947 quam
436 1876 512 1920 vere
533 1877 572 1920 ac
591 1854 697 1942 logice
713 1857 824 1922 Persis
846 1879 919 1921 cum
942 1856 1078 1921 Graecis
1104 1857 1300 1943 comparatis

170 1954 407 2021 demonstratur
428 1953 556 2020 illorum
578 1956 613 2019 in
626 1955 777 2021 bollando
793 1955 1010 2033 imbecillitas,
1030 1959 1151 2044 quippe
1165 1980 1301 2041 quorum

167 2066 228 2120 rex
243 2077 316 2120 cum
332 2053 468 2120 Graecis
490 2058 680 2144 conjunctus
703 2079 839 2142 magnas
861 2080 913 2122 res
935 2061 1082 2143 gesserit,
1104 2059 1173 2122 sine
1191 2080 1301 2122 eorum

168 2177 269 2243 opera
289 2153 370 2219 nibil
391 2157 773 2243 umquampraestiterit,
797 2167 910 2223 contra
925 2179 980 2223 eos
995 2156 1190 2243 belligerans
1209 2159 1302 2243 igna-

166 2277 243 2320 vum
266 2275 451 2346 semperse
471 2253 668 2341 praebuerit.
676 2255 700 2334 2)

253 2353 464 2442 Quapropter
474 2377 539 2420 non
554 2356 624 2421 sine
641 2355 749 2444 aliquo
759 2360 835 2446 jure
850 2358 1071 2445 Dionysius
1090 2357 1299 2422 Halicarnas-

171 2454 275 2519 sensis
298 2453 427 2520 videtur
449 2456 594 2542 profiteri
609 2455 705 2523 haec:
724 2459 763 2545 τῇ
783 2451 872 2536 τάξει
893 2459 960 2522 τιὸν
981 2451 1224 2541 ἐνθυμημάτων
1245 2453 1301 2521 καὶ

170 2553 239 2629 τοῖς
258 2555 430 2637 μερισμοῖς
450 2556 515 2618 τῶν
537 2550 797 2642 ἐπιχειρημάτων
818 2553 874 2622 καὶ
895 2560 934 2646 τῇ
956 2548 1032 2621 καθ’
1057 2551 1193 2627 ἕκαστον
1213 2551 1300 2639 ἐξερ-

171 2648 271 2741 γασίηι
295 2655 364 2731 τοῖς
389 2645 415 2718 τ’
445 2645 565 2732 άλλοις
594 2650 702 2720 άπασι
732 2657 802 2732 τοῖς
831 2652 866 2719 ἐν
892 2659 939 2742 τῷ
966 2659 1182 2741 πραγματικῷ
1209 2650 1299 2742 τόπῳ

169 2747 365 2839 θεωρήμασι
386 2751 479 2837 παρὰ
499 2752 583 2820 πολὺ
606 2757 772 2841 προτερεῖν
793 2750 940 2843 ἡγούμην
956 2749 1140 2843 Ἰσοκράτην
1154 2749 1299 2821 Λοσίοο·

167 2850 252 2919 κατὰ
274 2851 311 2919 δὲ
330 2853 389 2942 τὴν
415 2849 630 2942 λαμπρότητα
656 2860 723 2920 τῶν
748 2852 942 2923 ὑποθέσεων
967 2854 1024 2923 καὶ
1049 2853 1084 2923 τὸ
1110 2850 1301 2942 φιλόσοφον

165 2957 221 3041 τῆς
241 2950 467 3040 προαιρέσεως
486 2954 600 3022 πλεῖον
614 2950 822 3045 ὄιαφὲρεινῆ
839 2954 962 3034 παιδὸς
977 2949 1089 3042 άνδρα,
1114 2950 1159 3033 ὡς
1173 2951 1190 3023 ὃ
1205 2953 1301 3019 Πλά-
1354 3012 1356 3016 Α

165 3078 233 3121 των
247 3047 386 3142 εἴρηκεν·
411 3048 441 3120 εἰ
456 3052 493 3120 δὲ
504 3053 565 3142 χρὴ
583 3054 619 3122 τὸ
638 3050 765 3143 ἀληθὲς
780 3059 893 3141 εἰπεῖν,
916 3056 974 3123 καὶ
990 3061 1055 3122 τῶν
1070 3051 1180 3121 ἄλλων
1195 3049 1300 3121 ἁπάν-

166 3179 230 3222 των
260 3149 404 3243 ῥητόρων
426 3151 502 3220 ὅσοι
526 3152 723 3244 φιλοσόφως
741 3161 799 3223 τοῦ
823 3154 1021 3244 μαθήματος
1044 3152 1164 3224 τοάτοο
1197 3152 1300 3242 προέ-

168 3257 323 3345 στησανά)

168 3444 240 3498 clare
256 3442 435 3512 Barthelemy
452 3441 602 3496 Anachars.
620 3443 660 3507 11,
676 3462 703 3514 p.
722 3446 770 3496 109
792 3444 877 3498 haece
891 3442 1039 3514 judicavit:
1064 3443 1177 3516 ,malgre
1195 3460 1237 3497 ses
1254 3444 1299 3497 de-

166 3529 252 3592 lente,
281 3526 414 3600 auxquels
435 3543 477 3580 ses
499 3527 602 3580 enemis
624 3546 658 3581 en
682 3527 807 3598 ajoutant
837 3529 981 3598 beaucoup
1005 3527 1133 3592 d'antres,
1155 3545 1197 3581 ses
1219 3528 1300 3581 ecrits

165 3615 324 3684 presentent
350 3618 412 3664 tant
435 3611 470 3664 de
492 3619 568 3665 tours
594 3611 716 3665 heureux
739 3619 767 3665 et
792 3613 827 3665 dc
854 3613 943 3665 saines
970 3612 1114 3679 maximos,
1141 3611 1220 3683 qu'ils
1246 3630 1301 3666 ser·
1338 3662 1348 3675 ,,

164 3695 257 3750 viront
274 3696 308 3750 de
325 3696 446 3749 modeles
464 3698 479 3748 a
497 3713 565 3749 ceux
584 3695 631 3767 qni
649 3702 749 3748 auront
765 3696 792 3749 lc
809 3696 899 3750 talant
916 3697 950 3749 de
967 3696 1007 3750 les
1025 3697 1138 3751 c'tudier.
1175 3695 1246 3749 C'cst
1263 3715 1300 3749 un

165 3782 276 3835 rhe'teur
287 3779 380 3834 habile
399 3779 504 3834 destina
521 3776 541 3832 la
560 3781 661 3833 former
678 3779 842 3834 d'cxcellons
859 3770 1000 3843 c'erivains‚
1019 3781 1082 3833 e'est
1095 3799 1131 3833 un
1143 3780 1301 3834 institutour

164 3865 258 3918 habile
277 3865 376 3919 eclaird
393 3865 518 3936 toujours
536 3865 652 3918 attentis
662 3882 717 3918 aux
730 3867 843 3935 progres
862 3867 896 3919 de
912 3883 954 3919 ses
971 3864 1098 3935 disciplos
1114 3873 1142 3918 ot
1159 3883 1194 3918 au
1211 3882 1301 3918 carac-

164 3951 222 4004 tere
240 3951 275 4004 de
292 3950 354 4005 leur
371 3948 471 4021 esprit.‘

232 4034 257 4100 1)
276 4051 315 4087 or.
333 4033 477 4101 lusos.
495 4034 551 4088 Cic.
570 4042 639 4088 orat.
659 4036 703 4096 14,
728 4037 773 4086 43:
799 4033 867 4087 Tria
884 4032 1002 4087 videnda
1019 4040 1083 4086 sunt
1101 4033 1213 4095 oratori,
1233 4032 1299 4104 quid

165 4117 238 4173 dicat
261 4126 290 4172 et
308 4135 362 4191 quo
380 4118 502 4191 quidque
519 4120 581 4173 loco
601 4126 629 4172 et
647 4120 792 4191 quomodo.

231 4204 258 4270 2)
276 4202 310 4257 cf.
330 4202 364 4256 R.
373 4202 531 4257 Volkmann
551 4204 701 4271 „Rhetorik
721 4203 894 4257 d.Griechen
914 4222 939 4255 u.
958 4203 1087 4267 Romar‘,
1106 4202 1153 4273 qui
1172 4220 1199 4272 p.
1217 4205 1299 4254 255-

163 4287 249 4342 5918.
268 4287 419 4342 orationem
436 4296 540 4342 sextam
558 4288 695 4356 suasoriae
715 4289 831 4357 probum
850 4288 1007 4363 exemplum
1025 4286 1175 4360 proposuit.

231 4373 256 4438 3)
274 4371 308 4426 de
326 4371 409 4426 Isocr.
425 4391 454 4444 p.
473 4377 522 4428 558
543 4374 643 4428 01:542
661 4391 720 4445 sqq.
