2946 4830
673 291 712 357 29

125 457 300 541 temperari
322 455 461 521 vidimus
485 459 581 522 certis
604 458 799 545 quibusdam
820 456 949 521 dicendi
969 456 1074 521 modis
1093 457 1255 544 avulgari

127 576 273 620 sermone
295 555 419 637 alienis,
442 557 489 620 ita
513 556 652 644 simplici
674 580 714 622 ac
728 559 874 622 sincerae
890 555 1019 620 dicendi
1034 557 1257 622 consuetudini

127 653 331 719 moderamur
358 677 378 719 a
407 655 579 721 verborum
608 659 808 743 proprietate
834 655 1037 720 discedentes
1066 654 1109 719 ad
1134 666 1257 742 tropos.

126 752 353 840 Amplificatur
375 766 481 820 autem
512 755 650 844 denique
676 755 847 843 eloquendi
870 765 902 819 et
931 755 1146 842 perspicuitas
1173 756 1257 821 vivis

126 851 191 917 illis
205 852 410 920 describendi
425 855 597 939 coloribus,
613 855 888 938 similitudinibus,
904 856 1111 919 incrementis
1127 863 1158 919 et
1172 878 1257 919 com·

127 952 264 1019 moditas
293 957 459 1020 sententiis
489 959 573 1043 aptis
608 957 856 1043 artificiosisque
884 954 1007 1040 figuris.
1054 952 1162 1038 Atque
1186 955 1258 1040 ipse

127 1052 256 1139 quidem
277 1053 438 1120 Isocrates
459 1068 648 1123 ornamenta
670 1079 753 1145 quae
775 1055 854 1119 dicit
875 1046 1056 1135 εὐρυθμίαν
1086 1065 1117 1117 et
1144 1075 1258 1116 ποικι-

127 1148 200 1214 λίαν
223 1156 400 1219 orationem
420 1178 485 1221 non
505 1156 601 1222 modo
625 1158 808 1222 suaviorem
831 1153 889 1218 sed
910 1152 1163 1240 probabiliorem
1184 1153 1256 1218 red·

127 1249 204 1315 dere
227 1275 265 1317 ac
285 1252 350 1318 fide
370 1255 551 1341 digniorem
572 1258 702 1321 omnino
725 1255 902 1321 confitetur.
916 1255 938 1329 ¹)
970 1253 1034 1332 Qui
1052 1252 1137 1339 quod
1156 1252 1198 1316 ad
1220 1252 1256 1316 il·

124 1350 326 1418 lustrandam
348 1365 379 1419 et
401 1356 656 1421 confirmandam
678 1355 808 1420 dicendi
830 1352 1055 1418 difficultatem
1070 1351 1255 1416 oratoribus

125 1462 224 1536 negat
246 1452 343 1518 licere
365 1455 412 1519 uti
432 1454 554 1519 eisdem
576 1457 694 1542 quibus
714 1466 829 1542 poetae
851 1455 899 1518 uti
916 1452 1019 1517 solent
1035 1451 1179 1533 floribus,
1200 1454 1258 1515 im-

126 1554 241 1638 primis
263 1553 430 1619 vocabulis
453 1554 576 1634 alienis,
598 1557 737 1638 novatis,
764 1553 932 1620 translatis
943 1554 967 1631 l)
973 1602 982 1634 ,
1006 1551 1081 1616 vide
1102 1573 1143 1615 ne
1165 1551 1258 1616 nobis

126 1651 271 1737 imponat
292 1654 444 1740 frequens
466 1653 520 1719 ille
541 1657 575 1719 in
605 1654 808 1736 adhibendis,
837 1675 901 1718 non
923 1651 1026 1717 solum
1047 1661 1084 1715 ut
1105 1649 1258 1738 explana·

127 1752 243 1834 vimus,
272 1753 381 1818 verbis
413 1756 567 1840 perraris,
598 1755 664 1838 sed,
690 1754 725 1818 id
748 1753 835 1839 quod
851 1754 923 1839 jam
944 1753 1047 1838 primo
1078 1761 1258 1836 exponetur

125 1848 209 1933 loco,
231 1853 329 1916 etiam

624 1957 758 2056 tropis.

209 2135 261 2198 De
282 2144 493 2223 troporum
514 2160 657 2222 numero,
680 2136 864 2224 generibus,
888 2134 1057 2222 speciebus
1070 2133 1258 2220 grammati·

128 2255 184 2298 cos
206 2257 245 2298 ac
266 2233 474 2323 philosophos
488 2238 571 2303 inter
593 2261 627 2303 se
650 2237 868 2324 discrepuisse
884 2233 1122 2315 Quinctilianus
1145 2248 1259 2297 auctor
1322 2291 1325 2296 .

128 2333 220 2412 est.³)
263 2334 410 2414 Quorum
430 2339 659 2402 controversiis
682 2338 811 2402 omissis
832 2357 873 2399 ne
894 2357 1004 2400 omnes
1025 2334 1155 2422 quidem
1177 2354 1258 2419 quos

126 2432 180 2497 hic
200 2437 324 2522 recepit
344 2446 455 2523 tropos
486 2459 700 2522 agnoscamus
729 2459 767 2506 ac
795 2436 958 2522 rejicimus
980 2433 1109 2519 quidem
1130 2455 1258 2498 onoma·

126 2537 300 2620 topoeiam‚
326 2537 537 2619 catachresin,
561 2535 735 2623 epitheton,
760 2533 975 2622 hyperbaton,
999 2536 1120 2621 quippe
1141 2555 1223 2620 quae
1239 2554 1260 2596 a

126 2634 336 2700 translatione
357 2636 496 2723 quadam
512 2636 724 2710 abhorreant3
745 2645 889 2700 tacemus
911 2633 951 2698 de
965 2631 1177 2720 synecdoche,
1193 2655 1258 2696 me·
1369 2702 1374 2712 ,

126 2737 282 2820 tonymia,
306 2737 545 2818 antonomasia,
574 2734 751 2822 metalepsi,
779 2736 971 2819 aenigmate,
997 2734 1099 2819 tropis
1129 2730 1193 2796 illis
1216 2732 1258 2796 ab

127 2835 280 2899 Isocratis
303 2859 362 2900 usu
392 2835 521 2919 alienis3
552 2845 697 2901 tenemus
719 2833 960 2921 metaphoram,
990 2832 1206 2896 inversionem
1227 2841 1259 2895 et

125 2935 274 3012 ironiam,
303 2946 407 3001 certos
429 2935 588 3024 quosdam
610 2935 739 3000 dicendi
763 2934 926 3016 circuitus,
955 2931 1174 3019 hyperbolem
1203 2930 1254 2996 ad·

127 3033 231 3099 dimus
254 3059 434 3121 oxymoron
455 3046 486 3101 et
506 3035 772 3122 hysterologiam.

207 3135 314 3222 Atque
345 3138 486 3201 omnium
520 3146 689 3222 troporum
718 3132 988 3223 quemadmodum
1026 3129 1113 3216 apud
1148 3152 1258 3194 omnes

128 3234 302 3320 scriptores
324 3237 371 3299 sic
393 3237 491 3300 etiam
513 3234 599 3322 apud
616 3235 793 3300 Isocratem
816 3233 1013 3298 creberrima
1027 3232 1100 3317 ipsa
1113 3239 1161 3293 est
1176 3251 1259 3316 quae

127 3331 245 3398 dicitur
270 3334 502 3401 translatio.
553 3335 658 3415 Quam
686 3334 767 3398 nihil
789 3356 860 3399 esse
882 3331 970 3397 aliud
991 3331 1055 3395 nisi
1076 3329 1258 3394 breviatam

127 3434 289 3517 quandam
304 3435 545 3501 similitudinem
557 3434 657 3500 haece
667 3437 770 3521 ipsius
782 3432 934 3498 Isocratis
946 3428 1095 3516 exempla
1108 3428 1258 3496 doceant:

126 3533 151 3612 I,
172 3539 211 3599 22
228 3532 356 3612 μᾶλλον
374 3531 463 3616 τήρει
480 3531 537 3609 τὰς
555 3537 620 3596 τῶν
635 3525 777 3616 Idymaei
797 3530 857 3607 τὰς
873 3533 934 3595 τῶν
947 3526 1115 3615 χρημάτων
1134 3551 1259 3609 παρα-

126 3629 375 3716 καταθήκας.
398 3636 437 3700 cf.
451 3635 507 3719 VI,
531 3641 568 3701 19
581 3629 746 3717 Ἡρακλῆς
762 3628 905 3714 Νέστορι
926 3623 1259 3712 παρακατατίθε-

126 3757 188 3796 ιαι
204 3730 261 3817 τὴν
275 3732 385 3800 πόλιν.
407 3734 497 3813 VIII,
519 3742 576 3801 112
598 3733 1017 3819 παρακατατίθεσθαι
1037 3726 1094 3814 τὴν
1113 3731 1179 3792 τῶν
1198 3749 1258 3792 σω-

126 3829 234 3914 μάτων
258 3829 418 3919 σωτηρίαν
438 3828 669 3922 μισθοφόροις
697 3827 899 3915 ἀνθραίασις.
926 3869 961 3878 -
982 3830 1076 3912 ΧΙΧ,
1100 3835 1135 3897 31
1168 3852 1259 3893 soror

128 3932 342 4020 Thrasylochi
370 3934 488 4001 dicitur
519 3929 627 4016 ὥσπερ
656 3936 721 3996 τῶν
744 3929 923 4019 χρημάτων,
951 3921 1032 4000 ἀλλ’,
1054 3923 1111 3992 oda
1133 3920 1259 3990 ἐκείνου
