2946 4830
713 269 751 328 14

166 428 309 494 cellentis
320 426 407 491 illius
421 428 506 492 inter
519 450 629 494 omnes
645 435 804 496 varietate
818 428 957 496 oratoris
974 426 1173 494 orationibus
1187 426 1297 492 divino

167 528 307 616 quodam
326 536 415 591 motu
437 536 606 616 correptus
622 533 755 596 summis
770 530 935 616 variisque
957 529 1098 614 agitetur
1119 527 1297 610 affectibus,

165 628 338 696 Isocrateis
360 625 512 714 perlectis
534 629 642 694 sedari
667 654 701 695 se
720 638 983 713 constantemque
1003 627 1137 693 induere
1159 635 1298 692 mentem

166 729 344 816 profitetur.
381 726 491 807 Quare
504 729 600 794 etiam
613 730 647 795 in
658 730 800 797 medium
813 730 1018 817 proferuntur
1028 726 1214 794 Philonicus
1229 726 1296 791 dia-

164 827 307 911 lecticus,
330 827 384 913 qui
406 828 524 913 pictori
545 831 691 895 conferat
710 830 888 896 Isocratem
910 827 1031 895 eisdem
1048 850 1178 915 semper
1193 827 1297 893 utenti

165 929 363 993 vestimentis
387 948 425 991 ac
447 927 570 1013 figuris,
594 939 625 994 et
646 930 864 1018 Hieronymus
887 927 1109 1016 philosophus,
1138 929 1189 993 cui
1209 925 1297 992 illius

166 1029 327 1092 orationes
349 1025 513 1112 eleganter
536 1029 666 1115 quidem
685 1029 751 1116 legi
771 1029 828 1095 sed
850 1028 999 1095 omnibus
1015 1027 1115 1093 orbae
1128 1026 1297 1092 affectibus

166 1130 365 1193 contentiore
395 1149 476 1192 voce
509 1128 675 1195 decentive
709 1132 835 1196 actione
870 1129 1074 1215 pronuntiari
1105 1150 1170 1192 non
1201 1149 1297 1214 posse

160 1227 345 1292 ¹videantur.
358 1227 380 1307 1)
391 1227 466 1301 Jam
478 1228 519 1293 ab
525 1229 669 1295 Isocrate
682 1230 768 1317 quod
781 1230 954 1295 abhorreat
964 1228 1131 1293 varietatis
1145 1226 1297 1310 studium,

166 1349 231 1413 qua
250 1327 431 1413 Dionysius
458 1337 557 1414 negat
585 1351 656 1394 esse
678 1329 853 1418 quidquam
870 1327 1062 1417 jucundius,
1092 1327 1298 1411 abjudicatur

167 1428 321 1511 suavitas,
342 1429 535 1513 praesertim
551 1451 623 1492 cum
637 1429 770 1494 tumidis
782 1429 873 1494 haud
894 1451 970 1495 raro
992 1436 1101 1494 utatur
1120 1426 1235 1512 figuris
1258 1448 1297 1490 ac

165 1526 293 1612 longius
329 1526 491 1591 interdum
528 1539 717 1594 ornamenta
750 1552 809 1594 sua
840 1531 983 1595 oratoria
1015 1536 1170 1617 arcessat.
1192 1558 1193 1562 ¹
1217 1526 1299 1607 'Quo

165 1627 244 1693 vitio
280 1626 475 1692 abstinuisse
510 1628 661 1715 Lysiam,
701 1628 841 1694 candida
877 1638 973 1716 atque
1006 1627 1192 1692 inaffectata
1223 1627 1299 1690 sim-

166 1727 310 1812 plicitate
347 1727 485 1792 Isocrati
521 1735 646 1793 tantum
687 1730 899 1818 superiorem,
949 1736 1103 1816 quantum
1150 1726 1297 1812 quaesito

167 1826 405 1912 artificioseque
423 1826 522 1891 cultui
537 1838 682 1915 praestet
700 1829 907 1916 pulchritudo
921 1828 978 1894 illa
991 1837 1108 1893 natura
1123 1847 1297 1913 corporum

167 1927 311 2013 propria.
354 1927 423 1992 Nec
446 1928 551 1992 minus
569 1928 755 1995 Isocrateae
777 1928 950 1994 verborum
971 1927 1111 1993 ubertati
1126 1949 1166 1991 ac
1179 1927 1298 1992 tumori

166 2026 311 2113 Lysiaca
342 2025 600 2114 breviloquentia
636 2051 709 2094 cum
743 2028 840 2093 laude
875 2029 1065 2115 opponitur,
1098 2049 1176 2091 nam
1212 2025 1299 2099 huno

168 2127 343 2190 sententias
363 2136 520 2211 quantum
540 2127 612 2192 fieri
634 2129 738 2215 possit
759 2136 915 2211 coartare,
936 2126 1027 2192 illum
1049 2127 1298 2192 concinnitatem

171 2226 268 2289 anxie
282 2233 466 2312 captantem
480 2248 577 2292 voces
595 2226 684 2292 haud
701 2250 777 2293 raro
792 2227 936 2314 infigere,
959 2249 1103 2314 quarum,
1121 2248 1193 2290 cum
1210 2224 1299 2290 nulla
1327 2293 1331 2304 ,

170 2326 211 2389 sit
231 2325 326 2401 ratio,
348 2326 445 2412 copia
465 2327 568 2391 oratio
586 2328 675 2414 justo
697 2326 792 2391 latius
816 2325 1017 2392 extendatur.
1059 2325 1169 2390 Nihilo
1191 2332 1295 2389 autem

169 2424 428 2496 setiuslsocrati
450 2425 590 2503 excelse,
621 2426 803 2512 magnifice,
828 2425 997 2512 splendide
1019 2424 1147 2490 dicendi
1170 2426 1297 2488 omnino

169 2523 310 2611 palmam
331 2525 512 2612 Dionysius
542 2526 656 2592 tribuit
682 2529 815 2615 ejusque
842 2526 1015 2593 oratoriam
1046 2547 1120 2590 cum
1140 2523 1300 2610 Polycleti

169 2632 201 2688 et
221 2624 358 2690 Phidiae
377 2633 447 2690 arte
467 2648 563 2712 posse
584 2628 768 2713 comparari
788 2626 944 2708 concedit,
966 2627 1022 2712 qui
1037 2627 1101 2690 sint
1119 2625 1154 2688 in
1170 2623 1300 2708 magnis

169 2724 265 2789 rebus
287 2724 541 2807 excellentiores,
564 2748 637 2791 cum
651 2726 771 2813 Lysias
793 2725 908 2809 similis
926 2726 967 2790 sit
982 2723 1160 2792 Calamidis
1179 2732 1211 2788 et
1225 2722 1300 2790 (lal-

168 2823 309 2906 limachi,
331 2825 365 2888 in
386 2826 498 2911 parvis
521 2824 649 2890 illorum
671 2826 889 2891 dexteriorum
910 2824 1113 2904 artificum.2)

252 2924 339 2987 Ecce
367 2923 469 3003 locus,
496 2948 591 3012 quem
619 2926 703 2990 inter
731 2927 896 3012 principes
923 2923 1104 2989 Atticorum
1134 2931 1299 2988 oratorum

171 3023 348 3088 Isocratem
360 3023 506 3089 obtinere
518 3024 707 3110 Dionysius,
722 3035 877 3111 quantum
889 3025 931 3089 ad
944 3023 1154 3091 elocutionem
1165 3031 1302 3109 spectat,

172 3132 295 3206 censet3
318 3124 407 3210 cujus
432 3147 525 3190 omne
537 3125 696 3213 judicium
710 3132 818 3191 utrum
840 3123 1055 3212 approbemus
1076 3144 1187 3204 necne,
1209 3142 1302 3186 accu-

171 3233 242 3288 rate
270 3225 343 3309 ipsa
375 3221 462 3288 illius
496 3223 635 3290 dictione
665 3247 803 3289 excussa
835 3245 1009 3311 eorumque
1041 3245 1123 3310 quae
1154 3230 1301 3287 veterum

171 3325 314 3388 maxime
335 3322 452 3411 reliqui
474 3325 650 3411 scriptores
663 3333 854 3389 censuerunt
867 3323 980 3389 habita
996 3324 1132 3405 ratione,
1155 3328 1311 3386 extrema

171 3423 250 3488 hace
271 3426 537 3491 commentatione
558 3424 735 3511 colligetur.

255 3524 331 3589 Jam
349 3547 429 3598 ,vero
457 3525 497 3590 de
525 3524 660 3611 singulis
691 3526 910 3613 quaestionem
936 3521 1177 3589 instituentibus
1206 3518 1302 3584 nobis

172 3627 277 3690 visum
306 3633 355 3690 est
391 3625 591 3710 singulorum
625 3627 729 3711 ipsius
762 3625 914 3711 Dionysii
946 3624 1114 3689 verborum
1144 3641 1304 3685 summam

171 3727 343 3812 unicuique
364 3727 463 3812 capiti
484 3726 692 3811 praemittere
711 3727 757 3790 ita
778 3734 814 3789 ut
835 3747 899 3790 non
927 3723 1054 3788 omissis
1069 3724 1126 3804 eis,
1147 3742 1228 3807 quae
1247 3718 1303 3783 ad-

167 3824 312 3912 jicienda
344 3826 408 3911 ipsi
444 3824 690 3890 observabimus
716 3823 770 3889 ille
805 3825 1004 3909 argumentis
1037 3843 1118 3909 quae
1149 3820 1304 3884 Isocratis

172 3924 331 4012 praebent
348 3926 510 3990 crationes
531 3933 587 3990 aut
601 3925 808 3991 confirmetur
823 3933 879 3988 aut
892 3922 1065 3988 refellatur.
1100 3920 1182 3986 Cum
1197 3926 1304 3983 autem

173 4131 380 4140 m

242 4262 267 4328 1)
285 4262 319 4314 de
337 4259 420 4313 Isocr.
439 4278 466 4329 p.
484 4261 542 4311 559.
558 4261 599 4312 60.

240 4347 266 4411 2)
285 4346 320 4399 de
337 4343 420 4398 Isocr.
438 4363 465 4414 p.
483 4345 608 4399 540-42.
