2946 4830
603 38 640 95 31

56 187 101 272 ξύ
107 191 267 270 λειπτοι,
287 198 344 260 109
367 188 532 277 γέμοντα
553 190 831 278 καλώνπροίξετον,
847 191 886 256 ο1
899 190 969 267 VII,
978 198 1026 259 43.
1041 199 1090 258 51
1101 192 1188 277 VIII,

56 298 105 360 39.
124 294 198 376 XII,
224 299 252 359 2
274 299 324 359 29.
340 299 409 360 246.
429 293 505 372 XV,
528 301 593 360 171.
616 296 640 377 Ι,
657 300 695 360 12
717 244 1189 386 πεπληρωμένονπολλσίό

56 416 86 457 κ.
100 384 249 457 καλοῖτ’
230 386 451 476 ακονσμοίτοιν,
472 400 530 464 138
551 395 760 475 συνεροίσαι
780 388 856 468 τοὺς
872 375 998 474 λόγους,
1013 391 1052 456 of.
1067 391 1189 459 XVIII.

55 500 95 560 44
116 489 386 577 συγχυθέντων
409 496 473 557 τῶν
499 489 613 575 ὅρκων,
635 495 690 578 VI,
718 498 757 560 52
782 488 963 576 ἐμβαλεῖν
990 492 1036 568 είς
1057 484 1190 575 αἰσχρὰς

56 585 234 676 ομολογιοις
244 597 276 678 ¹),
300 601 340 664 89
360 616 387 658 τι
376 586 447 659 δεῖ
454 590 556 679 μηδεν
568 587 904 674 ύποστειλοίμενον
922 593 1034 675 εἰπεῖν,
1050 594 1088 658 ο1.
1103 594 1191 676 VIII,

54 700 92 759 41
116 685 214 757 οὐδὲν
234 687 506 774 ὑποστειλάμενος
527 689 608 758 ἀλλὰ
623 687 834 759 παντάπασιν
852 685 1188 774 οίνειμένωςμέλλω

53 789 133 868 τούς
158 789 274 877 λόγους
298 796 474 877 ποιεῖσθαι,
506 796 545 862 ef.
567 795 630 878 IX,
657 800 706 862 39.
726 795 788 877 VI,
818 799 872 860 101
899 789 941 878 μὴ
965 787 1190 874 περιμένωμεν

55 887 98 968 ὡς
118 885 229 957 όίλλων
248 898 345 959 τινῶν
364 892 423 972 τὰς
436 888 609 979 παρούσας
630 887 763 972 ἀτυχίας
784 886 1014 977 ίασομένων,
1036 895 1074 959 of.
1099 884 1189 980 δινή-

55 1014 191 1069 κεστος
211 994 325 1082 adjeet.
346 996 402 1077 IV,
427 1003 494 1062 110.
514 995 557 1072 Χ,
583 1002 632 1064 62.
665 995 760 1077 XIV,
787 1000 816 1061 9.
837 993 912 1076 XV,
935 999 1004 1060 227.
1027 991 1116 1070 XVI,
1138 1000 1187 1058 45.

55 1092 133 1177 XX,
155 1101 183 1163 8.
226 1095 302 1177 VII,
336 1104 374 1162 40
403 1090 664 1178 έμῳροίγματα
691 1090 778 1173 (τοὺς
804 1087 941 1175 νόμους)
972 1088 1190 1175 ποιουμένους

55 1196 122 1257 τοῖν
147 1187 428 1279 ἁμαρτημύτιουῖ),
450 1202 488 1261 41
512 1196 774 1278 παραβαίνειν
794 1191 870 1270 τοὺς
893 1189 1021 1276 νόμους,
1049 1193 1089 1257 ο1.
1115 1191 1189 1273 XII,

58 1298 115 1360 193
132 1296 275 1381 saepius3
290 1295 412 1371 XVHI,
438 1300 478 1360 25
498 1317 529 1361 π.
544 1292 621 1370 τοὺς
635 1289 762 1378 ὅρκους,
776 1294 865 1377 VIII,
887 1299 907 1361 6
921 1284 963 1358 ού
969 1289 1020 1356 δὲν
1040 1294 1190 1356 τοιοῦτον

56 1388 353 1478 ὑποτείνουσιν,
377 1400 394 1459 7
423 1390 623 1481 ἐξηρτήμεθα
642 1397 708 1458 τῶν
730 1386 887 1475 ἐλπίδων,
911 1400 948 1459 14
969 1386 1190 1475 πρόσαντές

57 1488 145 1557 ἐστιν
159 1490 392 1559 ἐναντιοῦσθαι
416 1518 444 1559 κ.
465 1516 491 1557 τ.
514 1499 551 1578 λ,
572 1501 612 1562 67
634 1489 754 1578 λόγους
771 1485 1052 1577 α’νηλοίσαμεν,
1074 1499 1113 1559 95
1135 1488 1190 1575 τὴν
1286 1569 1291 1577 ⁴

56 1591 226 1659 πολιτείαν
249 1594 441 1659 σαλεῦσαι
462 1587 610 1679 ἐποίησεν
620 1597 654 1679 ³),
679 1602 737 1662 140
758 1590 866 1659 πόσον
875 1591 1019 1657 πλοῦτον
1033 1590 1189 1678 εἰσρυή-

56 1697 196 1758 σεσθαι
221 1690 280 1780 χρὴ
301 1697 505 1777 προσδοκᾶν,·
532 1695 579 1773 Χ,
607 1698 647 1763 66
673 1696 743 1771 τοῖς
772 1691 1045 1774 πεπαιδευμένοις
1070 1688 1190 1778 πρέπει

55 1792 208 1871 τοιαύτας
235 1797 412 1860 ποιεῖσθαι
443 1793 503 1872 τοὶς
523 1788 688 1878 ολπαρχοί
693 1816 723 1879 ς,
744 1795 803 1879 ΧΙ,
831 1800 868 1862 13
889 1796 957 1859 τοῖν
979 1783 1115 1878 όμβροιυ
1135 1789 1190 1858 ναί

54 1898 117 1958 τῶν
138 1888 271 1978 αύγμιῦν
292 1893 311 1960 ὁ
334 1893 424 1972 Ζεύς
443 1897 588 1980 ταμίας
608 1893 698 1980 ἐστίν,
725 1895 798 1980 XII,
820 1902 859 1962 25
880 1888 1038 1960 πλάσσειν
1058 1891 1119 1970 τοὶς
1138 1886 1190 1958 ui-

56 1989 136 2076 τίας,
158 2004 197 2066 96
221 1992 366 2062 λέλυντο
395 1996 432 2062 τὸ
455 1992 566 2082 στόμα,
595 2004 656 2065 230
680 1992 1001 2083 συνεσταλμένην
1026 1991 1190 2080 ίχωντίγν

58 2093 218 2180 διάνοιαν,
240 2097 280 2162 ε1.
303 2097 377 2180 XV,
403 2103 460 2164 193
482 2093 670 2161 συστέλλειν
691 2094 749 2181 τὴν
772 2089 951 2177 ὑπόσχεσιν,
972 2097 1047 2179 XV,
1065 2099 1101 2161 13
1115 2092 1191 2170 τοὺς

57 2199 262 2283 φθονοῦντας
283 2190 332 2260 ἔτι
351 2194 483 2278 μᾶλλον
504 2191 566 2262 ὕπὸ
589 2199 646 2280 τῆς
666 2195 783 2260 νόσου
803 2191 919 2281 ταύτης
941 2195 1128 2278 λυπεῖσθαι,
1150 2202 1190 2262 47

56 2282 125 2372 τοῖς
144 2290 373 2379 ἐνθυμήμασιν
395 2288 704 2379 ὀγκωδεστέροις
721 2298 874 2380 χρῆσθαι,
896 2303 956 2366 268
978 2289 1190 2373 ε’ξοκείλειν

57 2389 105 2472 είς
123 2395 198 2473 τοὺς
220 2390 347 2480 λόγους,
367 2396 459 2480 XVI,
479 2402 514 2463 31
541 2389 679 2483 ἦγοῦμοιι
703 2394 765 2481 γὰρ
787 2392 842 2460 καί
869 2390 985 2480 ταύτην
1012 2399 1051 2474 (τ.
1070 2391 1190 2482 μητέρα

56 2521 82 2563 τ.
99 2493 190 2586 ἐμήν)
213 2489 418 2581 ἀριστείου
437 2489 531 2562 αὐτὸν
554 2495 676 2581 λαβεῖν,
697 2496 808 2581 ΧΧ,5
829 2493 1020 2578 διασύρειν
1040 2492 1101 2579 τὴν
1114 2518 1190 2559 τιατ-

56 2592 201 2684 ηγορίαν.
230 2588 271 2644 L
302 2598 385 2662 Tum
413 2598 589 2663 inanima
616 2598 754 2685 scriptor
782 2620 842 2684 pro
869 2597 1054 2662 animatis
1081 2598 1190 2683 posuit

56 2698 81 2781 I,
104 2705 138 2764 11
163 2696 303 2780 δεῖγμα
325 2701 382 2782 τῆς
399 2690 598 2762 Ἱππονίκου
624 2691 751 2781 φύσεως
775 2700 829 2760 νῦν
851 2691 1079 2782 ἐξενηνόχαμεν
1088 2699 1121 2779 ⁴),
1152 2697 1191 2761 of.

56 2798 148 2880 VIH,
175 2804 222 2866 89.
248 2799 304 2881 IV,
327 2803 366 2865 98
386 2796 483 2874 πόλις
510 2790 679 2883 οἷνέραιος,
708 2799 747 2863 of.
774 2798 836 2882 VI,
865 2804 912 2865 66.
934 2797 995 2880 IV,
1025 2803 1082 2864 150
1108 2791 1192 2878 πρὸς

57 2893 114 2960 τὸν
139 2894 282 2979 πόλεμον
311 2893 644 2980 ἒνλελυμμένος5)
671 2900 710 2963 ο1.
738 2898 827 2982 XV,
844 2904 884 2965 59
907 2892 964 2959 ἕνα
992 2893 1039 2983 μὴ
1064 2890 1191 2960 παντοί-

127 3183 152 3247 1)
170 3181 222 3233 hoo
239 3182 353 3235 verbum
370 3180 405 3234 Is.
423 3199 477 3235 non
490 3182 621 3236 adhibere
637 3180 691 3234 nisi
707 3181 893 3256 metaphorioe
912 3179 1032 3234 ostendit
1043 3179 1138 3233 Baiter
1155 3177 1190 3233 ad

57 3265 159 3336 Paneg.
179 3266 234 3319 ind.
251 3285 278 3337 p.
298 3269 354 3320 126.

126 3352 151 3415 2)
170 3350 340 3420 ,metaphora
356 3357 465 3422 sumpta
483 3358 524 3404 est
541 3351 576 3403 ab
588 3349 743 3421 aggeribus,
764 3367 812 3421 qul
803 3349 981 3402 'fluminibus
998 3348 1126 3402 autmari
1143 3366 1190 3420 op-

58 3441 209 3504 ponuntur,
226 3453 260 3488 no
279 3435 360 3487 latius
377 3439 545 3506 evagentur‘.
580 3432 667 3487 Wolf.

125 3518 206 3584 3.)of
223 3517 352 3590 SophO.
370 3520 404 3572 R.
422 3523 485 3571 22-
490 3521 536 3572 24:
559 3509 644 3582 πόλις
660 3511 716 3588 γὰρ
742 3534 841 3588 ωσπερ
858 3509 965 3581 καύτός
983 3509 1135 3591 εἰσορᾷς”
1115 3534 1192 3611 αγαν

551 3601 605 3672 ἤδη
642 3601 784 3657 σαλεύει
818 3594 845 3656 κ’
883 3592 1077 3669 ἀνακουφίσαι
1111 3592 1188 3671 κάρα

550 3688 654 3756 βοδιον
676 3676 721 3740 ἐτ’
754 3685 805 3755 οδχ
829 3678 878 3739 οίίι
903 3701 936 3739 τε
961 3683 1079 3753 φοινίου
1101 3676 1192 3737 σάλου

58 3770 105 3823 ubi
118 3770 264 3823 scholiasta
275 3771 354 3826 dicit:
374 3762 558 3840 ηιμεταφορά
570 3762 628 3824 duo
643 3770 704 3824 τῶν
712 3769 933 3839 χειμαζομένων
944 3771 1019 3822 νεῶν
1030 3762 1063 3821 έν
1072 3763 1190 3837 μεγάλῳ

371 3848 498 3909 κλόδωνλ
515 3853 604 3909 ἐστιν.

125 3940 152 4006 4)
170 3958 185 3991 a
204 3940 402 4005 venditoribus,
420 3940 468 4012 qui
485 3940 633 4012 specimina
658 3938 788 3992 mercium
811 3937 994 3991 mercantibus
1015 3937 1105 3990 solent
1128 3954 1190 4006 pro-

57 4040 175 4095 ponere,
187 4025 223 4076 ο1.
242 4025 370 4079 Schneid.

126 4110 151 4176 5)
172 4127 187 4161 a
205 4110 337 4181 languido
356 4128 433 4164 arcus
450 4127 541 4164 nervo.
