2946 4830
721 272 759 334 23

177 426 374 497 κακοποιίαι
395 432 426 515 Ι,
448 440 497 516 26,
528 425 705 518 ξενοφονία
726 433 790 512 ΧΙ,
814 439 868 513 36,
901 425 1111 516 ἀόιέρχαστος
1132 434 1212 517 XII,
1235 443 1305 521 268,

176 527 426 615 ἀόιεξέρχαστος
445 533 486 615 V,
511 539 578 615 109,
610 525 871 616 ἀνεχκωμίαστος
897 533 964 609 IX,
992 539 1047 613 73;
1077 529 1306 613 ἀκαταστάτως

175 633 266 712 XXI,
282 641 310 716 7,
332 625 523 718 ἀκιβδόλως
538 633 562 714 Ι,
575 641 603 715 7,
626 625 855 718 ἀπροσοίστως
867 633 928 715 ΙΧ,
947 638 987 699 49
1000 635 1033 716 ¹),
1056 631 1305 720 δυσκαταμαθή-

174 755 236 808 τως
258 733 301 816 H,
322 739 371 815 33,
393 725 592 807 δυσπείστως
605 733 665 815 IV,
687 740 733 816 18,
756 724 941 812 ἐναμίλλως
955 733 1030 813 XII,
1045 742 1073 816 7,
1095 737 1306 819 καταπαχίως

173 833 248 916 XV,
274 839 340 909 156,
363 824 672 917 παρακαίρως,1,9,
695 834 944 920 συκοφαντικῶς
962 833 1033 911 XV,
1056 838 1305 916 308,-συμμαχι·

173 935 240 1007 κῶς
254 931 341 1010 VHI,
359 939 426 1012 134,
450 929 696 1018 φιλοχρημότως
712 933 738 1015 Ι,
758 937 812 1014 233
836 924 1026 1018 ἀόελφίζειν
1039 933 1099 1015 IX,
1117 938 1166 1015 30,
1189 933 1304 998 διακο-

173 1025 326 1115 taxatae
347 1031 423 1115 XII,
448 1038 514 1114 159,
537 1023 749 1113 όλιχοιμυχεῖν
769 1031 864 1113 ΧΙΧ,
885 1037 935 1114 39,
957 1029 1138 1113 συνδιορυῖν,
1153 1033 1303 1117 IV,·'187,

172 1130 526 1217 συμπαρακελεύεσθαι
537 1132 629 1209 ΧΠΙ,
640 1138 688 1214 21,
709 1124 931 1213 ὗπέρκεισθαι
941 1131 998 1214 Ν,
1021 1132 1302 1200 toa-Ceterum

173 1232 300 1297 silentio
321 1255 385 1297 non
407 1243 456 1296 est
477 1230 749 1318 praetereundum
771 1232 1027 1295 amantissimum
1042 1253 1112 1295 esse
1126 1230 1302 1297 Isocratem

172 1330 321 1397 adverbii
357 1333 604 1418 participiorum
642 1331 774 1416 perfect.
805 1332 925 1416 passiv.
959 1341 1056 1414 atque
1085 1332 1119 1394 in
1150 1341 1303 1418 promptu

171 1432 302 1520 quidem
328 1431 422 1497 nobis
453 1440 527 1496 sunt
554 1422 727 1510 ἀνειμένως
747 1429 844 1512 VIII,
867 1431 950 1509 112),
981 1422 1304 1511 ἀπυκεκαλυμμένως

170 1531 261 1608 VIII,
285 1538 335 1613 62,
359 1521 625 1616 ἀπονενοημένως
639 1529 696 1613 VI,
713 1536 761 1612 75,
784 1525 1000 1610 ἐκκεχυμένως
1020 1530 1095 1610 XV,
1115 1534 1186 1614 207,
1209 1554 1300 1597 κατα-

170 1626 375 1715 βεβλημένως
396 1630 469 1708 XV,
492 1635 561 1712 305,
583 1624 903 1709 καταπεπλασμένως
917 1630 972 1711 VI,
993 1637 1042 1712 98,
1064 1627 1303 1716 κεχαρισμένως

169 1730 211 1810 Π,
238 1737 283 1796 15.
305 1730 343 1812 V,
368 1736 412 1795 14.
438 1733 505 1812 153,
526 1723 792 1811 πεπαιδευμένως
814 1728 874 1811 ΧΙ,
897 1736 946 1812 30,
968 1725 1230 1816 πεπλανημένως
1255 1741 1301 1817 18,

170 1837 220 1907 43,
244 1824 505 1916 πεφυλαγμένως
526 1829 615 1912 VIII,
638 1836 687 1912 97,
716 1823 922 1910 τεταγμένως
944 1829 1031 1912 VIII,
1054 1836 1103 1896 49.
1126 1868 1166 1878 -
1189 1831 1302 1897 Simile

169 1929 317 1994 adverbii
346 1930 422 1992 νοῦν
451 1922 597 2007 ἐχόντως,
626 1928 714 2015 apud
742 1927 912 1993 Platonem
941 1928 1083 1993 maxime
1113 1930 1299 2018 frequentis,

169 2039 218 2094 est
237 2029 338 2095 Isocr.
359 2024 458 2110 λόγον
481 2023 619 2106 ἐχόντως
638 2028 713 2111 VH,
735 2034 784 2096 69.

250 2128 342 2193 Haec
369 2138 475 2194 autem
506 2129 614 2194 omnia
645 2128 747 2194 verba
776 2137 901 2193 tautum
930 2129 1031 2212 abest,
1061 2138 1095 2194 ut
1123 2131 1302 2195 orationem

169 2227 351 2306 obscurent,
376 2238 411 2293 ut
430 2228 594 2295 illustrare
617 2251 655 2293 ac
677 2228 876 2314 distinguere
900 2252 971 2294 eam
998 2229 1032 2293 in
1054 2229 1227 2316 propatulo
1250 2231 1300 2295 sit.

169 2327 355 2393 Secundum
388 2330 472 2392 enim
502 2328 604 2392 Attici
635 2330 790 2393 sermonis
822 2327 911 2414 leges
948 2329 1089 2394 formata
1119 2352 1180 2394 nec
1211 2332 1300 2417 justo

168 2427 312 2492 crebrius
341 2426 451 2492 obvia,
472 2429 600 2513 integra
628 2428 861 2513 perspicuitate
889 2428 1076 2494 elocutionis
1109 2430 1301 2495 varietatem

168 2535 265 2614 atque
286 2526 479 2612 elegantiam
502 2528 536 2590 in
557 2526 646 2590 clara
667 2525 893 2612 luceponunt.

252 2627 344 2707 Quae
362 2626 491 2714 quidem
512 2627 582 2690 laus
602 2648 667 2690 non
689 2626 810 2712 poterit
825 2625 1007 2707 detrectari,
1027 2629 1155 2692 etiamsi
1177 2627 1302 2717 aliquot

168 2725 270 2791 verba
281 2727 407 2791 rariore
418 2726 559 2811 quodam
570 2748 667 2790 sensu
680 2724 871 2810 accipienda
886 2733 969 2808 sunt,
979 2725 1080 2791 veluti
1087 2727 1113 2809 I,
1127 2734 1163 2792 15
1176 2722 1302 2809 κόσμος

168 2850 228 2913 pro
242 2818 406 2904 εὐκοσμία,
424 2848 518 2912 quem
532 2848 624 2888 usum
636 2847 700 2890 non
715 2847 786 2889 esse
795 2823 995 2889 Isocrateum
1006 2825 1180 2892 Benselero
1191 2826 1301 2893 luben-

168 2936 217 2990 ter
232 2927 434 3007 assentimur,
456 2925 511 3012 qui
525 2934 633 2989 tamen
649 2919 903 3005 ἐλαττουμένους
917 2925 941 2998 Ι,
957 2931 996 2991 49
1012 2949 1051 2991 ea
1065 2927 1099 2990 vi
1114 2926 1245 3012 dictum,
1266 2940 1301 2994 ut

168 3026 211 3089 sit
225 3025 391 3090 inferiores
404 3047 442 3090 ea
458 3047 555 3111 quam
566 3024 606 3088 de
621 3047 654 3088 se
669 3023 887 3110 praebuerant
899 3025 1050 3111 opinione
1063 3026 1216 3092 Isocratis
1231 3051 1302 3094 esse

168 3134 288 3189 temere
298 3122 425 3188 videtur
437 3124 617 3207 negavisse.
641 3122 785 3187 Similem
798 3125 881 3186 enim
895 3123 1187 3211 breviloquentiam
1200 3127 1301 3193 habes

167 3223 207 3306 V,
222 3229 260 3289 64
277 3222 332 3286 ubi
346 3221 481 3287 verbum
496 3213 772 3307 ἀτιμωθήσεσθαι
787 3224 924 3309 imperio
943 3223 1129 3288 destitutum
1144 3226 1185 3289 iri
1202 3228 1300 3312 signi-

166 3322 249 3387 ficet.
281 3322 350 3386 Nee
364 3323 469 3385 minus
492 3325 687 3404 κρατεῖσθαι
708 3346 767 3409 pro
789 3317 988 3400 acceptatione
1009 3325 1188 3390 Isocratem
1210 3326 1235 3409 I,
1251 3334 1300 3392 21.

168 3423 206 3485 cf.
224 3429 271 3488 15.
292 3423 439 3507 posuisse
453 3421 490 3485 B.
506 3422 590 3487 male
611 3423 766 3487 infitiatus
790 3432 838 3486 est
852 3423 1021 3488 immemor
1041 3422 1096 3487 illc
1108 3423 1172 3487 loci
1189 3425 1232 3507 X,
1252 3433 1300 3508 60,

166 3520 222 3585 ubi
236 3521 385 3605 leguntur
400 3515 482 3583 ὥστε
496 3520 549 3585 καὶ
563 3523 635 3596 ταῖς
649 3520 771 3604 γυναιξὶ
786 3523 858 3597 ταῖς
873 3514 960 3585 αὑτῶ
964 3545 981 3582 ν
1000 3515 1067 3586 ἀπὸ
1088 3516 1200 3586 τούτου
1223 3546 1301 3607 κρα-

166 3616 334 3702 τουμέναις
348 3615 536 3706 συχχνοόμην
551 3615 669 3699 έχουσι.
681 3659 719 3668 -
731 3621 847 3687 Rarior
862 3632 912 3686 est
926 3620 1018 3687 verbi
1033 3625 1301 3708 κατακεχρῆσθαι

166 3720 222 3802 IV,
246 3726 285 3784 74
312 3721 512 3806 significatus
540 3731 741 3808 ,consumpta
762 3715 848 3787 esse'⁴
864 3723 1007 3808 oppositi
1030 3722 1115 3787 illius
1137 3747 1166 3788 v.
1189 3745 1301 3807 παρα-

166 3814 342 3884 λέλειπται.
363 3858 405 3868 -

249 3921 406 3986 Isocratei
427 3923 526 4007 igitur
549 3921 706 3986 sermonis
731 3923 885 4008 quoniam
904 3932 937 3987 et
956 3924 1247 4008 integritatem
1270 3934 1302 3998 et

167 4022 511 4108 perspicuitatem
541 4020 850 4104 demonstravimus,
877 4030 978 4086 restat
1003 4031 1039 4087 ut
1067 4020 1108 4086 de
1135 4044 1300 4087 commo·

237 4256 261 4323 1)
279 4255 404 4324 Aeschyl.
423 4255 497 4310 Pers.
517 4258 561 4308 91:
581 4245 778 4325 ἀπρόσοιστος
796 4240 813 4308 ό
828 4247 1104 4325 Περσῶνστρατός.

160 4384 163 4388 .
236 4341 261 4406 2)
280 4342 354 4412 quod
372 4342 446 4412 apud
463 4339 584 4414 reliquos
602 4338 685 4393 etiam
702 4338 809 4393 Atticos
827 4339 953 4431 crpbrum
971 4346 1019 4392 est.
