2946 4830
765 245 806 310 al

216 408 285 497 jure
298 406 554 496 reprehenditur.
589 411 734 478 Alterum
750 434 943 498 oxymorum
954 410 1091 496 probum
1108 409 1208 483 habes
1224 408 1282 492 IV,
1297 415 1354 480 89:

215 504 484 596 τῷστρατοπέδῳ
507 509 739 575 πλεῦσαι
704 534 763 592 τεν
778 508 906 597 διατι
889 502 1117 598 ςήπείρου,
1153 461 1356 588 πεζεῦσαι

216 603 253 671 δὲ
269 604 373 672 δια
334 631 392 695 της
411 603 687 695 θαλάττης,
653 634 713 676 τον
728 633 790 693 μεν
802 539 1096 696 Ἑλλήσποντον
1119 606 1329 688 ζεύξας,
1296 632 1357 674 τον

215 700 245 773 δ
261 699 367 772 ’Λθω
389 703 659 792 διορύξας.-

296 842 560 929 Hyperbolae
595 844 684 931 apud
713 846 890 910 Isocratem
924 842 1106 930 permultae
1133 843 1355 926 inveniuntur,

216 963 352 1027 quarum
378 945 521 1008 maxime
548 945 692 1030 insignes
722 944 880 1009 habemus
909 942 1022 1019 hasce:
1054 943 1148 1024 XIII,
1175 950 1195 1008 4
1226 936 1357 1022 μόνον

215 1033 292 1105 ούκ
312 1033 548 1119 ἀθανάτους
574 1037 619 1120 (oi
647 1039 811 1130 σοφισταὶ)
833 1038 1077 1122 ύπισχυούνται
1104 1039 1177 1119 τοὺς
1198 1038 1357 1118 συνόντας

214 1137 374 1228 ποιήσειν,
391 1144 429 1208 cf.
443 1144 499 1226 IV,
516 1149 573 1210 120
588 1139 716 1226 μόνον
738 1139 810 1207 οὐκ
833 1137 1123 1225 ἐπιστάθμους
1144 1138 1179 1206 ἒν
1197 1145 1267 1218 ταῖς
1287 1139 1357 1208 πό·

215 1239 287 1305 λεσι
309 1237 468 1318 καθιστάς
489 1239 675 1330 (βασιλεύς).
697 1281 739 1294 -
754 1245 811 1327 IV,
837 1252 891 1310 111
916 1237 1051 1331 ιήρούντο
1072 1245 1148 1308 τῶν
1167 1237 1357 1308 Εἱλοίτων

213 1364 279 1407 τινι
297 1335 474 1419 δουλεύειν,
500 1367 543 1411 sc.
564 1344 738 1430 Lysandro
761 1345 816 1429 qui
840 1346 986 1430 quamvis
1007 1338 1128 1425 μάθαξ
1156 1366 1222 1409 non
1244 1354 1356 1408 tamen

215 1436 359 1528 Εὶλώτης
386 1452 466 1508 erat.
487 1479 528 1489 -
546 1444 609 1522 IV,
638 1450 677 1511 50
707 1439 745 1507 τὸ
773 1445 836 1507 τῶν
859 1435 1030 1528 (Ελλήνων
1058 1434 1164 1524 ὄνομα
1189 1437 1356 1528 πεποίηκε

213 1538 355 1627 μηκέτι
379 1545 448 1606 τού
476 1538 624 1625 γένους
651 1534 742 1607 ἀλλὰ
763 1545 820 1626 ’τῆς
846 1537 1032 1620 διανοίας
1059 1543 1165 1607 δοκεῖν
1192 1532 1356 1607 εἶναικαὶ

212 1636 519 1727 μᾶλλονἝλληνοις
540 1641 720 1707 καλεῖσθαι
746 1639 823 1718 τούς
850 1645 911 1728 τής
933 1636 1131 1720 παιδεύσεως
1153 1639 1175 1726 ή
1201 1640 1278 1718 τοὺς
1297 1644 1356 1726 τῆς

214 1745 324 1830 κοινῆς
350 1734 477 1826 φύσεως
503 1737 700 1825 μετέχοντας.
723 1779 764 1790 -
786 1742 939 1808 Ceterum
969 1745 1125 1828 inspicias
1145 1743 1204 1826 IV,
1227 1747 1275 1812 88.
1303 1746 1353 1808 93.

214 1849 262 1910 84.
283 1842 342 1924 iv,
363 1846 410 1910 ea.
432 1842 522 1925 vni,
545 1849 593 1908 21.
613 1850 663 1910 44.
686 1849 733 1910 τε.
752 1842 812 1924 nr,
831 1849 880 1912 τε.

295 1974 622 2060 Euphemismum
649 1975 812 2063 quendam
841 1977 1048 2061 conjunctum
1078 1997 1150 2038 cum
1172 1974 1351 2039 artificiosa

215 2075 585 2139 circumlocutione
607 2074 743 2158 legimus
765 2074 822 2155 IV,
845 2081 902 2143 84:
924 2068 1053 2136 ἐκείνων
1074 2071 1114 2136 τά
1139 2069 1196 2155 μὲν
1217 2067 1354 2153 σώματα

214 2177 303 2248 ταῖς
328 2177 392 2257 τῆς
423 2168 582 2256 φύσεως
621 2165 811 2255 ’νάγκαις
838 2165 1064 2255 ἀπέδοσαν,
1092 2176 1146 2260 τῆς
1174 2165 1356 2257 δ”ἀρετής

215 2267 387 2337 ἀθάνατον
414 2272 468 2360 τήν
495 2266 625 2355 μνήμην
647 2268 805 2358 ἐποίησαν.
849 2273 977 2337 Similes
1005 2273 1200 2339 elocutiones
1222 2282 1355 2338 exstant

214 2374 271 2456 Ν,
293 2379 346 2439 92;
367 2367 398 2436 oi
419 2370 479 2453 μὲν
509 2367 736 2460 διεφθάρησαν
756 2375 846 2448 ταῖς
866 2373 1019 2450 ψυχαῖς
1047 2376 1243 2449 νικῶντες
1263 2378 1355 2448 τοῖς

215 2470 399 2555 σάμασιν
428 2469 619 2555 ἀπεῖπον,
652 2465 692 2536 ori
720 2469 781 2555 γὰρ
804 2469 843 2555 δή
875 2467 970 2537 τοῦτο’
996 2493 1032 2555 γε
1053 2469 1150 2556 θέμις
1170 2465 1278 2548 εἰπεῖν,
1308 2467 1355 2548 ὡς

215 2567 406 2659 ἡττήθησαν.
429 2584 460 2637 et
473 2573 530 2656 VI,
546 2578 579 2639 9:
602 2570 763 2653 δοκοῦμεν
776 2573 844 2646 τοῖς
860 2567 922 2652 μὲν
944 2566 1126 2653 σοι’μασιν
1145 2574 1355 2657 κρατηθῆ-

215 2696 280 2737 ναι
304 2669 357 2736 διά
376 2669 435 2736 τὸν
462 2667 519 2735 οὐκ
546 2665 655 2753 ὀρθῶς
677 2665 886 2755 ἡγησάμενον,
907 2671 967 2748 τάς
992 2667 1034 2735 δὲ
1055 2669 1189 2758 ψυχάς
1218 2667 1266 2736 ἔτι
1296 2671 1355 2735 καὶ

216 2775 272 2834 νῦν
292 2764 513 2858 ἀηττήτους
534 2765 625 2849 ἓγειν.

300 2903 461 2990 Copiosus
477 2903 606 2989 quidem
624 2902 680 2968 sed
693 2903 882 2990 praeclarus
905 2904 1070 2969 dicendi
1087 2907 1248 2992 reperitur
1271 2907 1354 2972 cir·

217 3004 350 3069 cuitus
372 3002 430 3085 Ν,
454 3007 525 3068 110:
546 2999 691 3084 μικράς
711 2997 770 3082 μὲν
791 2997 1037 3120 ποιήσαντες
1059 2994 1220 3068 δοκεῖν
1190 3028 1272 3070 ειναι
1294 3003 1356 3083 τάς

215 3105 278 3168 τῶν
295 3096 581 3220 προγεγενημένων
604 3094 743 3195 ἀδικίας,
766 3095 951 3184 οὐδεμίαν
975 3098 1012 3166 δὲ
1033 3100 1254 3182 λιπόντες
1239 3128 1354 3188 οπερ-

216 3196 344 3284 βολήν
363 3202 432 3275 τοῖς
453 3189 553 3277 αὖθις
573 3197 792 3283 βουλομένοις
812 3197 967 3284 γενέσθαι
984 3206 1152 3290 πονηροῖς

298 3333 615 3419 Hysterologiae
643 3334 781 3420 denique
813 3337 900 3422 tropi
934 3337 1084 3424 exempla
1117 3337 1180 3403 duo
1209 3338 1354 3404 maxime

216 3433 249 3496 in
271 3444 424 3519 promptu
444 3434 614 3499 habemus:
638 3434 717 3517 VH,
742 3442 788 3510 19,
821 3435 878 3499 ubi
901 3435 941 3500 de
963 3441 1128 3523 praesenti
1150 3448 1247 3526 atque
1269 3442 1353 3504 anti·

216 3553 281 3616 qua
302 3532 502 3618 reipublicae
524 3532 696 3620 disciplina
716 3533 877 3599 Isocrates
899 3545 1022 3601 monet:
1051 3540 1194 3622 ποιῆσθε
1215 3535 1273 3602 καί
1292 3535 1354 3625 τήν

216 3629 374 3713 λρεσιν
394 3655 450 3695 και
470 3655 544 3717 την
566 3636 706 3715 νρισιν
721 3657 834 3699 αυτων
858 3644 888 3699 et
875 3634 965 3712 t,IV
978 3641 1027 3715 25,
1050 3660 1114 3724 quo
1129 3639 1199 3704 loco
1214 3637 1353 3705 adnm

217 3752 290 3795 cam
304 3742 425 3796 terram
440 3733 619 3818 respiciens
637 3733 690 3798 ille
706 3733 798 3801 dicit:
772 3731 931 3816 λμύνοις
953 3759 1029 3818 ημιυ
1038 3760 1101 3801 των
1116 3732 1214 3822 Ἐλλή
1230 3735 1354 3824 νωντήν

216 3822 319 3914 ἀυτήν
333 3826 483 3917 τροφὸν
497 3854 551 3896 και
545 3828 737 3912 πατρίδα
752 3831 805 3898 καὶ
820 3829 971 3918 μητέρα
987 3831 1127 3901 καλέσαι
1142 3834 1315 3923 προσήκει.
1330 3843 1352 3919 1)

219 4019 427 4026 -σ--ι-

284 4130 309 4194 1)
328 4128 417 4191 Quam
436 4130 632 4184 vocabulorum
650 4131 859 4187 collocationem
870 4151 928 4188 rem
945 4135 1111 4206 amplificare
1128 4136 1297 4193 edocuerunt
1315 4141 1352 4194 ad

216 4212 242 4264 h.
255 4212 272 4264 l.
290 4213 494 4267 Rauehenstoin
512 4223 540 4268 et
549 4214 707 4279 Schneider,
725 4217 773 4288 qui
784 4225 876 4272 tamen
889 4221 923 4272 de
936 4220 993 4290 ipsa
1005 4222 1167 4292 gradatione
1178 4222 1266 4293 ligura
1277 4224 1352 4279 male

215 4296 267 4349 hoc
287 4295 348 4350 loco
368 4296 475 4350 locutus
493 4307 541 4352 est.
559 4299 621 4352 vide
639 4301 750 4353 Volkm.
767 4319 794 4372 p.
812 4305 871 4371 404,
890 4312 948 4358 not.
966 4307 991 4358 2.
