2946 4830
577 1436 817 1535 Praefatio.

217 1693 268 1754 De
297 1692 475 1758 elocutione
501 1691 666 1758 Isocratca
694 1693 874 1778 exposituri
901 1690 1047 1754 videmur
1075 1689 1168 1753 nobis
1196 1690 1267 1774 jure

136 1810 280 1894 praefari
296 1809 461 1894 egregium
475 1806 554 1872 illud
566 1808 733 1875 Ciceronis
741 1806 774 1886 1)J
781 1807 1000 1873 Romanorum
1012 1805 1091 1869 artis
1106 1806 1268 1870 oratoriae

136 1925 303 2007 antistitis,
315 1924 489 1989 Graeciam
503 1947 630 2012 semper
641 1924 843 2009 eloquentiae
854 1924 1034 2010 principem
1048 1943 1118 1986 esse
1124 1920 1268 1985 voluisse

135 2050 232 2128 atque
254 2040 402 2123 Athenis,
424 2041 565 2105 omnium
589 2041 807 2107 doctrinarum
832 2037 1081 2121 inventricibus,
1111 2060 1268 2102 summam

133 2157 264 2222 dicendi
286 2158 352 2220 vim
368 2179 439 2222 esse
455 2168 486 2222 et
500 2159 664 2222 inventam
686 2166 718 2221 et
738 2159 924 2243 perfectam.
959 2156 1004 2221 Ut
1021 2155 1106 2219 enim
1121 2153 1268 2218 Athenae
1368 2168 1378 2189 ·

132 2271 267 2358 reliquis
290 2271 452 2339 Graeciae
474 2273 661 2339 civitatibus
684 2272 918 2359 elegantiorum
947 2273 1080 2353 artium,
1108 2271 1268 2356 imprimis

134 2392 312 2471 oratoriae,
341 2389 492 2455 laudibus
515 2391 718 2478 praestitisse
740 2391 854 2456 merito
873 2389 915 2454 ab
937 2387 1084 2454 omnibus
1112 2388 1269 2469 feruntur,

137 2508 183 2568 ita
204 2506 287 2569 inter
310 2528 349 2569 ca
378 2527 461 2592 quae
487 2515 611 2571 tantum
639 2508 765 2593 patriae
792 2514 1063 2592 comparaverunt
1088 2502 1269 2590 splendoris

139 2621 342 2706 ingeniorum
368 2621 491 2686 lumina
519 2645 584 2687 non
612 2623 677 2688 imo
709 2624 811 2687 nitere
844 2621 914 2687 loco
944 2621 1122 2686 [socratem
1148 2620 1269 2706 optime

139 2737 227 2802 illum
253 2737 293 2801 (16
315 2737 546 2804 conformanda
568 2749 665 2827 atque
688 2738 865 2805 excolenda
880 2736 1008 2802 dicendi
1030 2746 1100 2801 arte
1120 2737 1269 2799 meritum

138 2855 199 2918 etsi
232 2853 289 2919 diu
316 2854 461 2937 fuerunt,
492 2858 547 2941 qui
573 2865 746 2943 negarent,
768 2858 842 2944 jure
871 2864 979 2918 tamen
1005 2875 1099 2918 nemo
1127 2875 1269 2939 unquam

137 2970 296 3034 infitiatus
319 2968 405 3048 est²).
448 2970 500 3035 De
523 2973 613 3058 cujus
632 2974 696 3036 viri
718 2974 805 3037 omni
826 2971 1028 3059 praestantia
1050 2979 1145 3058 atque
1163 2978 1269 3035 aucto·

137 3087 232 3150 ritate
260 3084 414 3152 nonnulla
442 3088 665 3172 praemittere,
691 3087 852 3174 undequi
877 3089 999 3153 factum
1025 3089 1081 3171 sit,
1117 3097 1153 3151 ut
1181 3094 1271 3151 tanta

138 3200 192 3265 ille
209 3225 281 3266 cum
303 3201 481 3267 subtilitate
498 3204 532 3266 in
547 3202 725 3291 eloquendo
745 3202 929 3269 elaboraret
948 3205 1175 3291 perspiciatur,
1195 3227 1214 3267 a
1235 3226 1270 3267 re

138 3318 212 3403 ipsa
226 3316 320 3383 nobis
336 3320 507 3406 proposita
528 3343 592 3384 non
607 3319 746 3385 alienum
767 3319 993 3386 videturesse.
1025 3321 1139 3407 Itaque
1160 3342 1271 3383 eorum

140 3456 227 3520 quae
250 3444 282 3498 et
297 3435 436 3522 scriptor
451 3436 492 3500 de
507 3459 542 3501 se
557 3437 629 3522 ipse
644 3447 692 3500 est
704 3437 869 3523 professus
885 3446 917 3500 et
928 3437 1116 3501 recentioris
1131 3435 1272 3499 maxime

138 3551 255 3615 aetatis
282 3551 346 3614 viri
368 3550 455 3616 docti
480 3552 520 3616 de
543 3550 678 3638 singulis
700 3554 855 3617 Isocratis
879 3550 994 3617 studiis
1016 3550 1238 3616 disseruerunt
1248 3551 1272 3628 3)

207 3817 231 3881 l)
250 3817 285 3869 de
302 3822 370 3869 orat.
389 3815 412 3883 I,
430 3818 454 3878 4,
474 3817 513 3868 13.

205 3901 230 3967 2)
250 3899 312 3953 vide
330 3899 443 3967 Dionys.
461 3899 551 3953 Helio.
568 3901 603 3953 de
620 3899 703 3952 Isoor.
717 3899 778 3969 jud.
796 3899 875 3952 Tom.
894 3898 928 3965 V,
947 3917 973 3968 p.
993 3901 1050 3952 536.
1069 3902 1100 3951 37
1118 3899 1152 3951 R.

122 3968 129 3977 ⁸
205 3984 231 4043 3)
249 3981 344 4049 veluti,
362 3990 394 4036 ut
411 3982 549 4052 proximos
567 3983 678 4055 quidem
698 3999 948 4049 commemoremus,
971 3984 1006 4036 de
1024 3983 1081 4053 ejus
1099 3982 1275 4054 philosophia

140 4065 256 4119 maxime
273 4066 309 4119 H.
327 4065 359 4118 P.
381 4064 534 4120 Schroeder
555 4065 746 4134 ,Quaestiones
764 4066 941 4133 Isocrateae‘,
966 4066 1042 4138 Traj.
1067 4068 1140 4134 1859,
1164 4067 1198 4120 de
1216 4074 1275 4120 arte

141 4146 213 4201 civili
230 4149 276 4203 W.
294 4148 410 4203 Oncken
427 4150 569 4217 ,Isocrates
588 4168 613 4202 u.
631 4148 732 4202 Athen‘
755 4149 922 4221 Heidelberg
942 4151 1029 4218 1862„
1052 4151 1086 4203 de
1108 4149 1168 4220 ipsa
1184 4151 1275 4204 rheto-

140 4232 197 4285 rica
217 4231 249 4285 P.
270 4233 354 4286 Henn
376 4232 420 4303 ,de
442 4231 562 4286 Isocrate
588 4234 706 4287 rhetore‘
728 4232 817 4286 Halae
844 4236 916 4286 1861.
948 4241 976 4286 et
998 4234 1131 4288 Aemilius
1153 4233 1275 4286 Pluntke

140 4315 253 4378 ,Plato’s
270 4314 380 4370 Urtheil
399 4317 466 4370 iiber
483 4317 625 4370 isocrates‘
645 4315 708 4368 Teil
727 4316 750 4368 Ι.
767 4316 840 4370 dena
860 4320 933 4370 lS'll.
