2946 4830
724 304 743 364 o
846 261 848 266 .

122 537 123 540 Ἴ
170 468 265 532 immo
291 455 542 554 philosophandi
567 464 602 528 id
627 468 799 552 vestigium
817 465 910 529 Plato
929 486 992 549 quo
1017 463 1121 547 magis
1141 463 1174 526 in
1197 462 1299 546 Lysia

170 569 349 652 ceterisque
366 564 567 650 eloquentiae
589 565 826 652 professoribus
850 563 1058 644 desideravit,
1080 584 1118 626 eo
1137 561 1299 626 lubentius

168 668 201 731 in
222 667 364 730 Isocrate
385 673 450 729 uno
470 665 621 730 debuisse
635 661 771 731 lau'dare
785 663 948 752 putandus
960 673 1016 727 est.
1052 660 1204 727 Ceterum
1223 660 1301 748 quid

168 767 299 831 tandem
322 766 430 830 obstat
451 767 621 852 quominus
643 766 784 830 voluisse
796 764 964 828 Platonem
986 762 1124 826 amicum
1140 771 1300 825 errantem

169 867 304 932 comiter
326 864 500 943 adhortari,
523 875 558 930 ut
581 865 709 930 omissis
729 864 793 929 illis
816 863 946 928 dicendi
967 861 1127 927 illecebris
1147 861 1218 925 veri
1236 857 1300 924 stu·

170 967 223 1030 dio
270 988 332 1052 quo
371 967 546 1052 praecipue
597 967 813 1032 contineretur
854 962 1062 1050 philosophia
1101 961 1301 1026 incumberet

169 1066 345 1131 habeamus
368 1065 580 1152 persuasum?
1327 1065 1329 1069 ’

252 1165 301 1230 Ac
328 1167 355 1230 si
383 1166 557 1252 quaeritur,
587 1165 970 1252 quosnampotissimum
991 1162 1145 1227 Isocratis
1173 1181 1300 1223 errores

172 1288 241 1329 cum
270 1264 405 1329 Platone
431 1265 667 1353 improbemus,
700 1273 775 1329 ante
805 1265 913 1328 omnia
940 1265 1007 1349 ejus
1036 1271 1084 1326 cst
1109 1281 1301 1326 commemo·

168 1365 272 1429 randa
292 1355 393 1430 nimia
414 1364 455 1435 de,
477 1388 536 1430 sua
557 1375 636 1448 arte,
669 1366 719 1430 cui
740 1366 844 1450 ipsius
866 1362 1088 1450 philosophiae
1109 1382 1226 1424 nomen
1245 1359 1299 1422 tri-

168 1465 266 1530 buere
280 1488 345 1531 non
362 1465 500 1547 erubuit,
520 1467 628 1552 opinio
642 1466 673 1548 ¹),
688 1457 908 1551 immoderata
928 1463 1127 1549 reliquarum
1142 1459 1301 1524 doctrina-

166 1588 238 1629 rum
265 1565 476 1652 reprehensio
507 1574 539 1629 et
560 1573 771 1650 contemptus,
804 1585 907 1628 vanus
929 1562 983 1628 ille
1013 1564 1063 1626 sui
1091 1581 1183 1626 amor
1205 1566 1313 1642 atque

168 1664 347 1729 admiratio.
391 1662 489 1744 Quod
509 1665 733 1729 ostentationis
766 1665 908 1728 maxime
937 1663 1051 1727 vitium
1073 1684 1185 1725 ansam
1211 1657 1302 1723 dedit

171 1762 374 1829 Odofredo
388 1763 573 1847 Mueller,
596 1766 688 1850 cujus
702 1764 906 1848 ingeniosum
919 1762 1047 1849 quidem
1061 1770 1092 1826 et
1108 1783 1245 1846 aequum
1261 1757 1301 1821 de

169 1861 310 1928 Isocrate
320 1864 478 1951 judicium
491 1885 584 1928 nemo
597 1886 662 1927 non
676 1863 797 1944 laudat,
822 1871 858 1927 ut
869 1865 937 1949 ejus
949 1863 1091 1926 animum
1106 1882 1171 1924 non
1185 1867 1252 1922 tam
1267 1859 1301 1920 in

169 1963 250 2049 ipsis
262 1965 460 2048 argumentis
472 1986 554 2050 quae
565 1973 729 2046 tractaret,
741 1986 837 2050 quam
846 1971 949 2027 totum
957 1962 1084 2026 versari
1094 1963 1128 2024 in
1139 1957 1300 2044 captando
1339 1973 1341 1977 ‘

169 2063 351 2130 auditorum
386 2063 504 2151 plausu
531 2085 570 2127 ac
598 2062 832 2150 praeripienda
861 2062 993 2127 laudum
1027 2060 1160 2125 aemulis
1192 2057 1302 2145 palma

170 2163 344 2250 colligeret.
354 2164 379 2243 2)
401 2163 467 2228 Sed
478 2162 541 2246 ille,
557 2172 592 2227 ut
606 2164 743 2246 videtur,
759 2162 918 2227 acerbius.
940 2162 1033 2242 Quae
1046 2163 1130 2225 enim
1142 2160 1301 2223 Isocrates

168 2263 294 2351 duobus
311 2265 357 2329 eis
376 2262 456 2328 locis
468 2264 503 2344 ³),
525 2262 611 2327 unde
627 2261 666 2328 Ο.
687 2262 858 2327 Mueller
877 2286 936 2327 sua
949 2263 1066 2343 hausit,
1089 2263 1200 2347 jactat,
1221 2256 1302 2320 nihil

168 2361 341 2426 ostendunt
361 2363 425 2426 nisi
446 2385 658 2449 permagnam
673 2364 768 2428 istam
784 2386 879 2450 quam
896 2363 1100 2447 exagitemus
1115 2360 1301 2438 vanitatem,

169 2483 233 2546 qua
254 2465 322 2549 ejus
352 2463 582 2548 ingenuitatem
605 2463 812 2528 obscuratam
834 2462 974 2548 quidem,
1001 2480 1065 2525 non
1094 2473 1203 2524 tamen
1231 2479 1302 2521 esse

172 2561 363 2626 exstinctam
381 2562 550 2649 praeclare
565 2563 669 2627 elucet
683 2586 700 2627 e
716 2563 856 2628 candida
869 2561 925 2626 illa
939 2563 973 2625 in
987 2559 1189 2644 celebrandis
1202 2559 1301 2643 majo-

172 2683 243 2724 rum
258 2661 429 2727 virtutibus
442 2664 572 2749 pietate,
594 2663 803 2728 evehementi
817 2664 850 2726 in
865 2659 1076 2748 objurgandis
1093 2682 1170 2724 suae
1186 2659 1302 2722 aetatis

170 2761 264 2824 vitiis
282 2761 403 2846 vigore;
426 2784 443 2826 e
465 2761 637 2849 splendida
657 2765 813 2849 pristinae
836 2761 1035 2826 Graecorum
1062 2759 1185 2845 gloriae
1207 2766 1303 2843 atque

86 2855 88 2860 ’
170 2861 371 2925 auctoritatis
400 2861 604 2927 revocandae
636 2885 693 2949 spe
713 2899 754 2908 —
775 2862 912 2947 denique
944 2863 1070 2927 emiro
1092 2858 1146 2923 illo
1177 2858 1302 2943 patriae

170 2959 283 3046 reique
305 2958 595 3046 publicaeamore.
629 2961 737 3049 Atque
758 2962 792 3026 id
813 2964 920 3049 ipsum
942 2961 1054 3026 salutis
1076 2959 1202 3046 patriae
1225 2956 1302 3020 dan·

169 3057 230 3123 dae
242 3057 446 3136 desiderium,
459 3060 546 3146 quod
560 3062 594 3125 in
609 3084 647 3126 eo
662 3062 762 3126 fuisse
777 3086 818 3127 ne
829 3063 870 3127 H.
885 3062 1048 3149 Sauppe
1063 3060 1203 3146 quidem,
1219 3081 1302 3124 unus

168 3156 222 3221 ille
252 3179 293 3221 ex
315 3160 481 3223 acerrimis
509 3163 578 3247 ejus
606 3161 893 3240 obtrectatoribus,
920 3162 1053 3227 infitiari
1083 3183 1181 3225 ausus
1211 3160 1302 3241 6614),

167 3256 333 3344 judicialis
356 3261 483 3342 generis
506 3264 704 3346 argumentis
719 3285 791 3326 eum
812 3261 895 3326 male
918 3271 1100 3326 contentum
1115 3259 1157 3324 ad
1175 3257 1302 3323 civilem

170 3355 383 3443 eloquentiam
404 3379 501 3443 quam
519 3383 616 3423 unam
638 3360 752 3425 habuit
774 3359 884 3425 utilem
906 3363 1035 3426 omnino
1059 3359 1187 3424 videtur
1203 3357 1301 3422 dedu-

170 3457 268 3520 xisse.
303 3456 508 3543 Quamquam
530 3482 571 3522 ne
592 3465 625 3523 in
648 3483 686 3524 ea
708 3460 838 3547 quidem
850 3462 921 3547 ipse
944 3483 1053 3525 coram
1076 3458 1195 3546 populo
1211 3456 1301 3544 quid·

168 3577 267 3642 quam
289 3557 395 3643 potuit
418 3559 579 3644 consequi,
602 3562 755 3645 quoniam
775 3563 865 3624 vocis
886 3558 1107 3645 magnitudine
1130 3565 1226 3641 atque
1247 3578 1301 3620 au-

168 3655 274 3739 dacia,
295 3666 330 3721 ut
352 3658 545 3723 reticeamus
574 3658 613 3722 de
635 3682 736 3724 aenea
758 3659 814 3724 illa
835 3659 1106 3725 Demosthenicae
1127 3655 1302 3721 voluntatis
1322 3696 1324 3701 ·

167 3755 200 3818 vi
224 3764 255 3818 ct
276 3758 459 3822 constantia
470 3760 503 3839 ⁵),
527 3757 698 3824 destitutus
728 3762 761 3823 in
788 3762 858 3825 foro
881 3782 1056 3848 numquam
1086 3766 1134 3824 est
1154 3763 1302 3847 versatus

235 3940 259 4004 1)
277 3957 316 3992 61.
335 3940 385 4003 IV,
404 3944 443 3993 10.
461 3940 583 4003 47.,XV,
602 3945 658 3994 271.

218 4023 260 4090 '2)
278 4022 407 4077 Litterar.
430 4024 557 4080 Graec-ar.
577 4025 640 4078 hist.
658 4044 684 4096 p.
703 4031 760 4081 388.
779 4031 820 4081 89.

234 4109 260 4175 3)
281 4125 319 4161 or.
338 4109 372 4173 V,
392 4108 559 4173 11.X11,2.

234 4192 260 4259 4)
280 4190 414 4246 Concedit
427 4193 499 4247 enim
511 4213 537 4265 p.
549 4198 598 4247 405
611 4196 675 4249 hoc:
695 4196 769 4263 ,Eine
788 4199 854 4250 aber
866 4197 901 4250 ist
913 4215 947 4249 an
960 4197 1093 4249 Isocrates
1105 4196 1168 4248 ’116111
1181 4214 1206 4247 11.
1218 4212 1301 4264 gross,

165 4276 240 4330 seine
258 4276 514 4331 Vaterlandsliebe‘.

233 4362 259 4428 5)
279 4360 369 4424 Quam
387 4362 413 4415 ei
431 4363 548 4443 defuisse
566 4365 637 4417 bene
656 4365 771 4418 Oncken
789 4366 895 4418 monuit
912 4384 941 4436 p.
959 4367 997 4416 11.
