2946 4830
772 274 811 338 26

227 426 281 495 καὶ
300 429 351 520 μὴ
374 428 469 514 τάχυ
493 427 584 499 λίαν
610 436 907 520 παραδραμεῖν,
925 437 983 512 IV,
1011 442 1067 502 154
1099 425 1143 509 ὡς
1164 425 1191 496 δ
1216 425 1360 512 διπλαῖς

227 524 329 597 εἰπεῖν
350 532 406 598 καί
425 532 476 622 μὴ
501 532 596 600 καθ’
619 529 662 601 ἓν
683 533 875 623 ἕκαστον,
907 530 977 602 ἀλλ’
1003 526 1055 613 άίς
1074 531 1144 600 ἐπὶ
1169 531 1212 599 τὸ
1233 526 1355 611 πολύ,

227 632 269 716 Χ,
294 641 325 700 11
360 630 427 721 ὅσην
454 633 492 700 τὸ
517 631 729 719 σεμνύνεσθαι
751 641 808 702 τοῦ
829 634 992 704 σκώπτειν
1014 634 1068 701 καί
1095 633 1133 700 τὸ
1156 633 1264 701 σπουδ
1278 629 1360 715 ’ζειν

228 735 297 797 τοῦ
314 728 446 814 παίζειν
479 733 721 823 ε’πιπονοίτερόν
750 735 844 806 ε’στιν.
895 739 969 804 Huc
996 740 1092 803 etiam
1123 735 1230 824 alique
1258 734 1358 800 modo

229 842 376 918 spectant
390 860 607 923 synonyma
623 862 704 927 quae
719 849 837 905 vocant
850 841 1027 926 conjuncta,
1045 859 1178 924 quorum
1196 837 1230 900 in
1244 835 1268 901 Ι.
1284 857 1358 900 ora·

226 932 368 998 tionibus
395 945 485 1002 tanta
514 950 562 1003 est
590 942 695 1025 copia,
727 949 762 1004 ut
787 940 942 1004 sermonis
963 940 1057 1024 vigor
1090 946 1187 1025 atque
1213 935 1360 1021 dignitas

227 1031 415 1122 plerumque
436 1059 500 1102 non
522 1047 589 1102 tam
611 1038 766 1125 distingui
788 1061 883 1127 quam
907 1039 1055 1103 imminui
1077 1038 1170 1102 nobis
1183 1038 1204 1115 ¹)
1227 1035 1359 1123 quidem
1446 1020 1451 1037 ⁸

225 1130 383 1197 videatur.
424 1135 611 1224 Iunguntur
631 1140 725 1217 enim,
754 1148 790 1204 ut
810 1139 951 1203 maxime
978 1136 1103 1202 inutilia
1125 1158 1359 1217 enumeremus,

226 1231 296 1295 sine
314 1232 381 1297 ulla
400 1237 434 1299 vi
455 1246 486 1302 et
507 1248 576 1302 arte
596 1239 638 1315 H,
662 1245 700 1304 17
721 1231 804 1302 κίνει
818 1261 846 1304 κ,
864 1231 1036 1320 μετατίθει,
1062 1242 1101 1304 48
1121 1233 1204 1311 τούς
1225 1227 1361 1317 άγεῖνας

226 1352 255 1396 κ·
267 1327 322 1407 τὰς
336 1326 485 1418 ἁμίλλας,
500 1337 536 1416 V,
553 1344 592 1402 77
607 1330 841 1421 άγανακτὴσειε
855 1361 883 1402 κ.
896 1331 1057 1420 μισήσετε,
1076 1343 1114 1405 85
1130 1330 1361 1418 ἐξεργάζεσθαι

225 1452 254 1496 κ.
272 1429 451 1518 διαπονεῖν,
477 1443 534 1503 110
555 1432 757 1522 προσήκουσα
769 1461 796 1502 κ.
812 1432 993 1520 πράττουσα,
1016 1437 1054 1501 ef.
1076 1436 1149 1519 XV,
1172 1439 1211 1501 92
1232 1433 1360 1522 προσὴ-

225 1553 275 1594 κει
292 1555 319 1597 κ.
343 1526 472 1598 δίκαιόν
494 1532 590 1620 ἐστιν,
611 1538 683 1618 VH,
706 1545 742 1604 61
767 1530 912 1623 ἰσότητας
933 1560 960 1602 κ.
976 1530 1183 1622 ὁμοιότητας,
1198 1535 1290 1610 VIII,
1316 1543 1356 1602 41

224 1624 408 1711 μαίνεσθαι
436 1659 463 1699 κ.
494 1639 730 1724 παραφρονεῖν,
762 1643 801 1705 83
837 1629 1066 1718 εύδαιμόνιζον
1092 1660 1119 1700 κ.
1138 1628 1359 1723 ἐμακάριζον,

228 1735 285 1797 112
308 1729 399 1818 φίλοι
416 1759 443 1800 κ.
463 1729 593 1822 ἑταῖροι,
616 1738 674 1821 ΙΧ,
697 1745 736 1804 24
760 1732 1007 1822 ἐκπλήττεσθαι
1022 1760 1049 1800 κ.
1066 1735 1261 1823 φοβεῖσθαι,
1278 1736 1357 1811 ΧΠ,

226 1835 265 1898 48
294 1836 475 1916 φοβεῖσθαι
496 1861 524 1903 κ.
546 1832 696 1921 δεδιέναι,
723 1838 782 1915 ΙΧ,
814 1844 853 1905 67
887 1831 1090 1921 ἡμερώτερον
1111 1859 1139 1899 κ.
1160 1827 1359 1920 πρᾳότερον,

224 1932 300 2009 XII,
323 1942 362 2002 54
384 1927 511 2012 εύνοίας
532 1960 560 2005 κ.
584 1933 711 2024 φιλίας,
735 1939 809 2017 XV,
832 1944 892 2005 322
915 1930 1062 2018 εὐσεβεῖς
1082 1958 1110 1999 κ.
1127 1935 1303 2021 θεοφιλεῖς,
1316 1936 1360 2019 V,

229 2037 285 2100 136
311 2029 366 2121 τὴν
386 2030 553 2117 στρατείαν
573 2038 749 2102 ποιεῖσθαι
770 2060 799 2103 κ.
820 2035 977 2116 πολεμεῖν
999 2059 1026 2099 κ.
1046 2029 1253 2112 κινδυνεύειν,
1276 2035 1357 2113 XII,

224 2136 263 2198 32
292 2130 427 2210 τούτους
455 2130 632 2219 φρονίμους
660 2126 745 2200 εἶναι
773 2160 801 2202 κ.
826 2131 972 2212 τελείους
998 2160 1026 2200 κ.
1055 2129 1167 2210 πάσας
1193 2132 1272 2214 ἔχειν
1296 2132 1362 2212 τὰς

223 2224 349 2312 damin.
365 2272 406 2281 —
427 2235 658 2301 Molestissima
680 2246 788 2302 autem
808 2235 958 2322 leguntur
973 2236 1013 2311 V,
1040 2237 1097 2302 134
1118 2231 1202 2298 κατὰ
1222 2231 1284 2318 τὴν
1306 2227 1362 2298 εύ-

224 2327 339 2415 λογίαν
361 2333 414 2398 καί
433 2333 506 2410 τούς
528 2331 684 2412 ἐπαίνους
705 2360 733 2402 κ.
756 2332 812 2419 τὴν
835 2330 945 2422 φήμην
957 2359 985 2400 κ,
1005 2331 1064 2423 τὴν
1084 2328 1212 2420 μνήμην
1228 2332 1291 2419 τὴυ
1311 2337 1361 2418 tq*

220 2426 326 2517 χρόνῳ
344 2434 663 2517 παρακολουθεῦσαν
684 2428 875 2511 άθανασίας
895 2429 1200 2516 μεταλαμβάνομεν.

305 2535 373 2600 Nee
387 2559 465 2601 vero
488 2537 615 2624 singula
638 2535 859 2602 tantummodo
881 2535 991 2615 verba,
1015 2534 1073 2600 sed
1095 2543 1163 2600 tota
1185 2537 1359 2601 enunciata

227 2657 471 2722 supervacanea
488 2637 648 2702 videntur.
685 2635 781 2716 Quod
803 2636 889 2700 enim
909 2635 1059 2721 leguntur
1080 2634 1171 2710 XIV,
1198 2639 1237 2700 47
1259 2634 1358 2701 haec:

223 2727 276 2818 ἐφ’
299 2723 353 2809 αἷς
372 2740 576 2822 (συμφοραῖς)
596 2733 685 2819 ἡμεῖς
707 2727 864 2815 οὐδεμίαν
883 2729 1003 2819 ἡμέραν
1025 2726 1181 2815 άδάκρυτι
1198 2727 1358 2815 διάγομεν

225 2827 311 2897 ἀλλὰ
329 2838 524 2911 πενθοῦντες
535 2833 590 2922 τὴν
604 2829 748 2920 πατρίδα
764 2831 990 2915 διατελοῦμεν,
1016 2837 1088 2922 quis
1104 2843 1161 2918 est,
1185 2835 1240 2922 qui
1254 2834 1358 2900 verba

223 2927 374 3015 ἡμεῖς-
390 2933 544 3018 διάγομεν
564 2935 716 3001 incolumi
731 2958 827 2999 sensu
849 2934 949 2999 deleri
966 2957 1062 3021 posse
1082 2957 1146 3000 non
1164 2933 1357 3020 intellegat?

223 3021 331 3122 Atque
357 3036 391 3098 in
423 3038 469 3118 ein
498 3057 580 3152 quae
606 3044 736 3099 exstant
757 3035 796 3117 V,
827 3040 867 3102 98
897 3031 1074 3120 τηλικαῦτα
1102 3056 1130 3099 κ.
1150 3035 1292 3097 τοσαῦτα
1317 3030 1357 3099 τὸ

223 3127 378 3217 μέγεθος,
399 3131 477 3217 περὶ
498 3157 543 3197 ιον
565 3127 594 3197 εί
614 3129 675 3214 μὲν
688 3130 775 3217 πρδς
795 3127 925 3216 ἑτέρους
944 3130 1020 3209 τοῦς
1036 3128 1357 3218 λύγουςὲποιυύμην,

223 3235 330 3311 καλεῖς
350 3227 393 3299 ύῖν
414 3223 478 3314 εἶχε
500 3232 658 3310 διελθεῖν,
688 3232 772 3319 πρὸς
794 3229 830 3298 σὲ
852 3229 888 3297 δὲ
911 3228 1147 3317 διαλεγόμενος,
1169 3225 1197 3297 εὶ
1215 3229 1275 3309 τὰς
1296 3230 1359 3310 σὰς

199 3365 202 3370 ·
224 3326 360 3414 πράξεις
378 3356 429 3398 σοι
451 3329 618 3419 διεξιοίην,
643 3332 780 3411 δικαίως
801 3327 841 3396 δν
863 3327 1000 3420 άνύητος
1020 3330 1092 3415 δίμα
1111 3333 1166 3398 καί
1187 3327 1358 3415 περίεργος

223 3423 308 3496 εἶναι
338 3428 480 3519 δοκύιην,
515 3458 641 3500 omnem
674 3438 864 3500 sententiam
897 3427 927 3496 εί
961 3431 1022 3509 τοῖς
1052 3430 1113 3508 σὰς
1139 3427 1273 3514 πράξεις
1300 3455 1358 3496 σοι

225 3528 380 3618 διεξιοίην
402 3557 472 3598 esee
501 3535 655 3616 inutilem,
686 3558 726 3598 ne
761 3534 865 3597 dicam
895 3534 1056 3611 odiosam,
1091 3535 1125 3597 in
1155 3542 1267 3620 aperto
1297 3542 1359 3598 est.

223 3632 528 3698 Luculentissimum
558 3645 665 3698 tamen
687 3636 828 3698 omnium
853 3633 1010 3698 ubertatis
1034 3635 1226 3698 autumaris
1247 3656 1356 3698 exem-

224 3732 313 3820 plum
347 3735 455 3798 neseio
491 3756 532 3797 an
569 3734 713 3818 legamus
749 3731 847 3812 XIX,
883 3738 922 3798 27
965 3733 1023 3798 ubi
1057 3733 1097 3797 de
1130 3733 1357 3820 Thrasyloeho

224 3832 364 3920 quodam
389 3833 488 3898 haece
517 3833 740 3920 proferuntur:
768 3834 904 3895 τοιαῦτα
934 3824 960 3895 δ’
990 3827 1130 3912 ἔπασχεν
1157 3824 1242 3895 ὥσθ’
1273 3826 1359 3919 ἡμᾶς

223 3925 388 4017 μηδεμίαν
408 3924 533 4018 ἡμέραν
552 3925 758 4014 ἀδακρύτους
779 3930 1013 4016 διαγαγεῖν,
1043 3925 1130 3995 ἀλλὰ
1160 3934 1359 4015 θρηνοῦντες

293 4249 317 4313 1)
336 4246 464 4301 Ceterum
483 4266 624 4301 caveamus
641 4267 675 4301 ne
693 4247 777 4301 nimio
800 4247 828 4300 id
846 4256 981 4300 vertamus
1004 4247 1118 4301 Isocrati
1136 4249 1217 4313 vitio,
1238 4266 1359 4323 namque

224 4332 334 4386 omnino
353 4341 457 4386 veteres
476 4332 609 4404 ejusmodi
627 4333 758 4389 ubertatis
777 4332 859 4386 fuisse
879 4332 1077 4395 amantissimos
1094 4332 1201 4392 ecimus.
