2946 4830
686 237 726 307 39

140 428 211 471 mus
239 415 443 481 ornamenta,
476 407 653 474 orationem
683 409 858 474 artificiose
890 405 1088 490 distinguere
1114 405 1272 472 addamus

142 508 385 582 sententias,
407 528 489 593 quae
503 511 627 591 γνῶμαι
644 532 666 574 a
681 509 818 574 Graecis
836 506 995 587 dicuntur,
1009 527 1128 592 easque
1143 506 1273 593 quidem

140 608 276 672 ethicam
305 606 441 671 reddere
470 606 644 674 dictionem
657 612 680 690 ¹)
709 599 865 692 (ἠθικοὺς
889 604 1000 668 ποιεῖν
1023 600 1101 680 τοὺς
1128 599 1270 689 λόγους),

140 709 259 794 quippe
281 730 364 794 quae
387 706 427 772 de
456 707 525 796 ejus
555 711 611 797 qui
639 710 780 797 loquitur
810 705 954 772 moribus
983 726 1022 769 ac
1049 703 1272 771 voluntatibus

138 830 198 871 nos
211 807 332 872 faciant
354 808 518 873 certiores.
555 809 681 890 Quibus
704 815 954 876 consentaneum
975 813 1024 869 est
1044 802 1179 870 ditiores
1202 828 1273 871 esse

139 909 264 993 priores
294 905 367 972 ilias
393 907 548 973 Isocratis
578 911 752 987 orationes,
782 929 861 995 quas
893 904 1133 970 adhortationes
1163 904 1273 970 malim

140 1007 256 1091 dicere,
286 1029 383 1094 quam
413 1008 560 1074 forenses
590 1020 687 1097 atque
708 1006 926 1096 panegyricas
948 1027 1007 1069 nee
1026 1004 1220 1070 reticeamus
1241 1006 1274 1070 in

139 1107 189 1171 his
221 1106 293 1171 illas
329 1129 398 1172 esse
436 1131 599 1194 perraras.
650 1109 818 1195 Leguntur
853 1114 963 1171 tamen
990 1104 1030 1183 V,
1061 1109 1100 1171 35
1129 1098 1275 1181 δίπανιες

139 1199 245 1268 πλείω
271 1201 471 1293 πεφύκαμεν
499 1202 737 1289 ἐξαμαρτάνειν
763 1199 787 1291 ἢ
808 1205 1001 1287 κατορθοῦν.
1028 1203 1087 1280 VI,
1113 1211 1152 1272 50
1176 1196 1275 1267 ούδίν

139 1301 224 1368 ἐστιν
246 1297 422 1389 ἀποτόμως
446 1299 520 1372 eiius
540 1304 643 1374 κακὸν
666 1299 731 1372 ούτ’
762 1297 905 1390 ἀγαθόν,
935 1297 1008 1366 ἀλλ’
1032 1297 1077 1379 ῶς
1100 1294 1141 1365 ἀν
1159 1301 1277 1391 χρίσμ-

137 1399 195 1468 ταί
214 1428 262 1482 τις
280 1409 350 1483 τοῖς
369 1401 542 1491 πράγμασι
564 1404 619 1472 καί
641 1409 708 1485 τρῖς
732 1407 859 1493 καιροῖς
880 1394 1029 1480 οὕτως’
1010 1396 1136 1490 ανόγκη
1159 1399 1216 1467 καί
1235 1400 1274 1467 τδ

138 1501 233 1582 τέλος
256 1499 418 1590 ἐκβαίνειν
438 1504 475 1586 ἐξ
488 1503 603 1576 αι’τῶν.
626 1509 700 1592 VH,
722 1516 742 1574 4
763 1509 830 1572 τῶν
848 1498 988 1589 ἀγαθῶν
1009 1500 1066 1566 καί
1086 1505 1149 1566 τῶν
1165 1506 1275 1568 κακῶν

140 1596 237 1668 ούδέν
267 1598 345 1670 αύτδ
375 1599 453 1670 καθ’
486 1603 564 1673 αύτδ
598 1601 831 1692 παραγίγνεται
851 1607 920 1682 τοῖς
947 1597 1155 1687 ἀνθρώποις,
1186 1597 1273 1667 ἀλλὰ

50 1767 53 1771 .
139 1699 352 1769 συντέτακται
380 1703 437 1771 καί
459 1707 706 1773 συνακολουθεῖ
736 1709 807 1782 τοῖς
840 1700 900 1787 μὲν
932 1698 1086 1778 πλούτοις
1119 1702 1176 1767 καὶ
1207 1706 1276 1780 ταῖς

141 1797 390 1882 δνναστείαις”
368 1830 467 1871 ανοια
488 1805 545 1872 καί
566 1805 649 1889 μετά
674 1805 791 1893 ταύτης
805 1798 976 1881 ἀκολασία,
998 1825 1069 1878 ταις
1090 1799 1118 1866 δ
1140 1797 1277 1882 ἐνδείαις

139 1903 195 1967 καὶ
214 1905 288 1988 τρῖς
306 1903 515 1992 ταπεινότεροι
543 1902 741 1996 σωφροσύνη
763 1930 820 1970 και
811 1900 951 1988 πολλιγ
983 1898 1164 1989 μετριότης,
1192 1899 1276 1968 ὥστε

138 1995 335 2083 χαλεπόν
305 2028 387 2071 ειναι
410 2008 593 2127 διαγνῶναι,
616 2004 757 2093 ποτέραν
777 1998 818 2070 ἀν
838 2028 889 2081 τις
910 2000 1038 2082 δέξαιτο
1053 2006 1120 2068 τῶν
1132 1998 1277 2088 μερίδων

138 2098 268 2171 τούτων
289 2115 356 2183 τοῖς
377 2105 475 2173 παισί
494 2109 565 2185 τοῖς
586 2103 687 2174 αύτοο
708 2104 913 2173 καταλιπεῖν.
934 2103 1028 2182 XXI,
1046 2112 1065 2173 6
1088 2101 1244 2190 δῆλον,“
1225 2130 1275 2171 οτι

141 2199 261 2282 πάντες
289 2203 477 2293 κέρδοος“
457 2201 537 2272 ενεκ’
568 2201 749 2290 ἀδικοῦσιν,
784 2201 815 2273 oi
842 2229 902 2289 μεν
933 2194 991 2270 ούν
1019 2197 1276 2289 ἀποστεροῦντες

137 2328 249 2390 ωνπερ
272 2303 346 2373 ἕνεκ’
370 2302 606 2387 ἀδικούσιν,”
583 2332 717 2394 εχοοοιν,
739 2333 770 2375 οι
758 2299 821 2372 ‘d'
843 2303 1053 2391 ἐγκαλοῦντες
1075 2298 1146 2370 οὐδ’
1170 2329 1197 2372 ει
1186 2298 1276 2392 ’λή-
1341 2378 1344 2383 ,

137 2408 272 2492 ψεσθαι
293 2401 512 2489 μέλλονσιν”
495 2425 610 2476 ισασιν.

223 2508 289 2573 Sed
309 2508 390 2574 haec
414 2510 489 2575 haet
477 2520 586 2592 t;enus
612 2509 707 2574 venio
735 2529 822 2573 nuno
848 2506 890 2571 ad
918 2527 957 2570 ea
985 2505 1114 2570 dicendi
1140 2503 1272 2586 lumina,

139 2630 221 2693 quae
242 2612 385 2674 maxime
406 2611 541 2696 propria
565 2609 756 2674 elocutionis
777 2607 961 2672 Isocrateae
984 2626 1141 2669 summam
1164 2608 1274 2673 einen

139 2707 291 2794 Dionysii
325 2709 442 2791 solum,
476 2708 533 2774 sed
563 2709 700 2774 aliorum
729 2708 829 2773 etiam
860 2713 1131 2791 comparaverunt
1165 2729 1274 2794 repre·

138 2804 324 2873 hensionem
347 2817 378 2875 et
400 2809 658 2895 castigationem,
681 2808 723 2874 ad

629 2962 786 3064 neuras.

222 3141 368 3221 Quarum
404 3145 468 3210 duo
501 3147 707 3231 potissimum
737 3167 859 3230 genera
891 3165 912 3210 a
943 3146 1073 3211 dicendi
1108 3146 1273 3233 magistris

140 3241 243 3305 solere
281 3244 399 3306 seimus
434 3244 604 3331 distingui:
639 3246 761 3330 figuras
796 3247 1090 3311 sententiarum
1118 3245 1273 3334 (σχήματα

140 3334 301 3415 διανοίας)
322 3363 361 3404 ac
378 3342 499 3426 figuras
520 3345 736 3409 verborum
760 3338 916 3426 (σχήματα
938 3342 1075 3425 λέξεως).
1107 3347 1182 3412 Jam
1197 3372 1274 3414 vere

141 3443 250 3502 statim
282 3440 323 3503 ab
346 3443 448 3518 initio,
477 3442 511 3505 id
533 3466 594 3530 que
619 3445 704 3508 infra
725 3443 858 3520 uberius
886 3455 1075 3531 exponetur,
1105 3458 1273 3513 teneamus

138 3538 313 3602 Isocratem
330 3562 402 3603 cum
417 3543 526 3626 priore
540 3542 596 3608 ille
609 3566 727 3628 genere
745 3542 895 3631 placidae
913 3542 1109 3632 sedataeque
1121 3544 1273 3613 dictionis

140 3639 395 3703 studiosissimus
418 3640 514 3726 plane
536 3643 604 3707 fere
627 3643 831 3719 abstinuerit,
855 3643 1029 3709 verborum
1050 3644 1183 3728 figurae,
1216 3649 1273 3710 im-

141 3738 258 3822 primis
283 3741 459 3825 eomparia,
479 3764 583 3828 prope
605 3754 752 3828 aequata,
775 3743 922 3807 similiter
944 3744 1103 3821 cadentia,
1125 3747 1275 3831 opposita

139 3846 170 3899 et
192 3860 220 3922 q.
244 3861 269 3902 s.
292 3861 327 3914 ε,
351 3861 416 3903 non
437 3840 643 3906 adamavisse
664 3851 800 3918 tantum,
827 3844 884 3908 sed
897 3845 986 3931 justo
1007 3843 1151 3908 erebrius
1173 3846 1219 3908 ita
1239 3856 1274 3909 ut

139 3937 319 4000 satietatem
334 3939 471 4004 afferant
486 3949 517 4004 et
529 3941 708 4021 fastidium,
724 3943 882 4028 posuisse.
920 3944 1026 4030 Atque
1046 3943 1128 4007 haec
1143 3944 1273 4029 quidem

140 4123 348 4132 —.-.-—...—.

208 4237 232 4301 t)
208 4235 293 4289 tDe
311 4239 512 4309 prosopopoeia
529 4247 558 4295 et
575 4240 723 4312 ethopoeia
740 4251 879 4312 exponere
892 4261 908 4296 a
922 4261 952 4297 re
964 4244 1043 4344 nobis
1055 4245 1197 4316 proposita
1208 4246 1274 4300 alie·

139 4337 204 4372 num
222 4327 271 4373 est.
252 4321 325 4374 tet.
343 4321 454 4377 ioikm.
473 4343 499 4394 p.
519 4328 598 4378 235-
602 4330 661 4380 417.
