<?xml version="1.0" encoding="UTF-8"?>
<!DOCTYPE html PUBLIC "-//W3C//DTD XHTML 1.0 Transitional//EN"
    "http://www.w3.org/TR/xhtml1/DTD/xhtml1-transitional.dtd">
<html xmlns="http://www.w3.org/1999/xhtml" xml:lang="en" lang="en">
 <head>
  <title>
</title>
<meta http-equiv="Content-Type" content="text/html;charset=utf-8" />
  <meta name='ocr-system' content='tesseract 3.04.00' />
  <meta name='ocr-capabilities' content='ocr_page ocr_carea ocr_par ocr_line ocrx_word'/>
</head>
<body>
  <div class='ocr_page' id='page_1' title='image "./deelocutioneiso00gehlgoog_0033.png"; bbox 0 0 2946 4830; ppageno 0'>
   <div class='ocr_carea' id='block_1_1' title="bbox 722 256 825 356">
    <p class='ocr_par' dir='ltr' id='par_1_1' title="bbox 722 256 825 356">
     <span class='ocr_line' id='line_1_1' title="bbox 722 256 825 356; baseline 0.01 -1"><span class='ocrx_word' id='word_1_1' title='bbox 722 256 825 356; x_wconf 80' lang='lat' dir='ltr'>ro¹</span> 
     </span>
    </p>
   </div>
   <div class='ocr_carea' id='block_1_2' title="bbox 153 451 1306 1340">
    <p class='ocr_par' dir='ltr' id='par_1_2' title="bbox 153 451 1306 1340">
     <span class='ocr_line' id='line_1_2' title="bbox 174 451 1306 545; baseline 0.007 -31"><span class='ocrx_word' id='word_1_2' title='bbox 174 451 324 515; x_wconf 92' lang='lat' dir='ltr'>manibus</span> <span class='ocrx_word' id='word_1_3' title='bbox 345 454 455 516; x_wconf 91' lang='lat' dir='ltr'>tritum</span> <span class='ocrx_word' id='word_1_4' title='bbox 478 475 549 518; x_wconf 90' lang='lat' dir='ltr'>esse</span> <span class='ocrx_word' id='word_1_5' title='bbox 571 465 603 517; x_wconf 93' lang='lat' dir='ltr'>et</span> <span class='ocrx_word' id='word_1_6' title='bbox 624 457 991 545; x_wconf 24' lang='lat' dir='ltr'>multifarie-tractatum</span> <span class='ocrx_word' id='word_1_7' title='bbox 1007 456 1166 535; x_wconf 86' lang='lat' dir='ltr'>videatur,</span> <span class='ocrx_word' id='word_1_8' title='bbox 1188 457 1306 530; x_wconf 84' lang='lat' dir='ltr'>multas</span> 
     </span>
     <span class='ocr_line' id='line_1_3' title="bbox 174 552 1304 642; baseline 0.004 -26"><span class='ocrx_word' id='word_1_9' title='bbox 174 552 249 617; x_wconf 91' lang='lat' dir='ltr'>inde</span> <span class='ocrx_word' id='word_1_10' title='bbox 271 553 519 639; x_wconf 78' lang='lat' dir='ltr'>depravationes</span> <span class='ocrx_word' id='word_1_11' title='bbox 540 562 638 642; x_wconf 90' lang='lat' dir='ltr'>atque</span> <span class='ocrx_word' id='word_1_12' title='bbox 667 556 934 642; x_wconf 81' lang='lat' dir='ltr'>interpolationes</span> <span class='ocrx_word' id='word_1_13' title='bbox 964 555 1078 621; x_wconf 87' lang='lat' dir='ltr'>tulisse</span> <span class='ocrx_word' id='word_1_14' title='bbox 1099 559 1215 621; x_wconf 90' lang='lat' dir='ltr'>mirum</span> <span class='ocrx_word' id='word_1_15' title='bbox 1239 580 1304 623; x_wconf 93' lang='lat' dir='ltr'>non</span> 
     </span>
     <span class='ocr_line' id='line_1_4' title="bbox 175 651 1306 743; baseline 0.004 -26"><span class='ocrx_word' id='word_1_16' title='bbox 175 654 255 718; x_wconf 85' lang='lat' dir='ltr'>est“.</span> <span class='ocrx_word' id='word_1_17' title='bbox 291 651 486 729; x_wconf 72' lang='lat' dir='ltr'>,Orationem</span> <span class='ocrx_word' id='word_1_18' title='bbox 505 657 538 716; x_wconf 93' lang='lat' dir='ltr'>in</span> <span class='ocrx_word' id='word_1_19' title='bbox 559 653 746 740; x_wconf 85' lang='lat' dir='ltr'>Euthynum</span> <span class='ocrx_word' id='word_1_20' title='bbox 774 657 928 743; x_wconf 81' lang='lat' dir='ltr'>scriptam</span> <span class='ocrx_word' id='word_1_21' title='bbox 957 655 1165 721; x_wconf 90' lang='lat' dir='ltr'>Benselerum</span> <span class='ocrx_word' id='word_1_22' title='bbox 1189 656 1306 722; x_wconf 91' lang='lat' dir='ltr'>idoneo</span> 
     </span>
     <span class='ocr_line' id='line_1_5' title="bbox 173 751 1306 844; baseline 0.004 -28"><span class='ocrx_word' id='word_1_23' title='bbox 173 762 254 817; x_wconf 89' lang='lat' dir='ltr'>teste</span> <span class='ocrx_word' id='word_1_24' title='bbox 263 751 438 817; x_wconf 90' lang='lat' dir='ltr'>Aristotele</span> <span class='ocrx_word' id='word_1_25' title='bbox 450 753 472 830; x_wconf 88' lang='lat'>¹)</span> <span class='ocrx_word' id='word_1_26' title='bbox 488 753 534 815; x_wconf 92' lang='lat' dir='ltr'>uti</span> <span class='ocrx_word' id='word_1_27' title='bbox 552 752 613 818; x_wconf 92' lang='lat' dir='ltr'>sibi</span> <span class='ocrx_word' id='word_1_28' title='bbox 632 757 736 819; x_wconf 89' lang='lat' dir='ltr'>visum</span> <span class='ocrx_word' id='word_1_29' title='bbox 748 755 789 820; x_wconf 91' lang='lat' dir='ltr'>ab</span> <span class='ocrx_word' id='word_1_30' title='bbox 805 756 950 821; x_wconf 89' lang='lat' dir='ltr'>Isocrate</span> <span class='ocrx_word' id='word_1_31' title='bbox 967 755 1051 820; x_wconf 90' lang='lat' dir='ltr'>male</span> <span class='ocrx_word' id='word_1_32' title='bbox 1061 756 1084 835; x_wconf 56' lang='grc' dir='ltr'>λ)</span> <span class='ocrx_word' id='word_1_33' title='bbox 1101 755 1306 844; x_wconf 90' lang='lat' dir='ltr'>abjudicasse</span> 
     </span>
     <span class='ocr_line' id='line_1_6' title="bbox 174 852 1305 942; baseline 0.001 -23"><span class='ocrx_word' id='word_1_34' title='bbox 174 864 286 919; x_wconf 85' lang='lat' dir='ltr'>auctor</span> <span class='ocrx_word' id='word_1_35' title='bbox 308 863 357 918; x_wconf 89' lang='lat' dir='ltr'>est</span> <span class='ocrx_word' id='word_1_36' title='bbox 379 853 420 919; x_wconf 89' lang='lat' dir='ltr'>H.</span> <span class='ocrx_word' id='word_1_37' title='bbox 435 852 600 918; x_wconf 86' lang='lat' dir='ltr'>Usener.</span> <span class='ocrx_word' id='word_1_38' title='bbox 612 854 636 930; x_wconf 84' lang='grc'>3)</span> <span class='ocrx_word' id='word_1_39' title='bbox 672 854 740 919; x_wconf 89' lang='lat' dir='ltr'>Neo</span> <span class='ocrx_word' id='word_1_40' title='bbox 758 856 862 919; x_wconf 91' lang='lat' dir='ltr'>minus</span> <span class='ocrx_word' id='word_1_41' title='bbox 880 855 1090 921; x_wconf 91' lang='lat' dir='ltr'>Ludovico</span> <span class='ocrx_word' id='word_1_42' title='bbox 1112 856 1305 942; x_wconf 81' lang='lat' dir='ltr'>Kayser⁴)</span> 
     </span>
     <span class='ocr_line' id='line_1_7' title="bbox 174 952 1305 1040; baseline 0 -22"><span class='ocrx_word' id='word_1_43' title='bbox 174 955 400 1040; x_wconf 84' lang='lat' dir='ltr'>Trapeziticae</span> <span class='ocrx_word' id='word_1_44' title='bbox 427 953 581 1017; x_wconf 86' lang='lat' dir='ltr'>orationis</span> <span class='ocrx_word' id='word_1_45' title='bbox 604 952 775 1018; x_wconf 90' lang='lat' dir='ltr'>dictionem</span> <span class='ocrx_word' id='word_1_46' title='bbox 797 977 817 1018; x_wconf 89' lang='lat' dir='ltr'>a</span> <span class='ocrx_word' id='word_1_47' title='bbox 836 954 1032 1040; x_wconf 89' lang='lat' dir='ltr'>reliquarum</span> <span class='ocrx_word' id='word_1_48' title='bbox 1058 977 1129 1027; x_wconf 81' lang='lat' dir='ltr'>esse</span> <span class='ocrx_word' id='word_1_49' title='bbox 1152 954 1305 1019; x_wconf 86' lang='lat' dir='ltr'>diversis·</span> 
     </span>
     <span class='ocr_line' id='line_1_8' title="bbox 174 1051 1305 1140; baseline 0 -22"><span class='ocrx_word' id='word_1_50' title='bbox 174 1056 287 1119; x_wconf 89' lang='lat' dir='ltr'>simam</span> <span class='ocrx_word' id='word_1_51' title='bbox 309 1063 345 1118; x_wconf 92' lang='lat' dir='ltr'>ut</span> <span class='ocrx_word' id='word_1_52' title='bbox 365 1051 578 1117; x_wconf 80' lang='lat' dir='ltr'>concedamus</span> <span class='ocrx_word' id='word_1_53' title='bbox 598 1054 716 1116; x_wconf 88' lang='lat' dir='ltr'>iterum</span> <span class='ocrx_word' id='word_1_54' title='bbox 741 1062 773 1117; x_wconf 92' lang='lat' dir='ltr'>et</span> <span class='ocrx_word' id='word_1_55' title='bbox 795 1056 924 1140; x_wconf 89' lang='lat' dir='ltr'>saepius</span> <span class='ocrx_word' id='word_1_56' title='bbox 947 1078 985 1119; x_wconf 91' lang='lat' dir='ltr'>ea</span> <span class='ocrx_word' id='word_1_57' title='bbox 1007 1053 1149 1139; x_wconf 88' lang='lat' dir='ltr'>perlecta</span> <span class='ocrx_word' id='word_1_58' title='bbox 1171 1077 1191 1118; x_wconf 89' lang='lat' dir='ltr'>a</span> <span class='ocrx_word' id='word_1_59' title='bbox 1210 1055 1305 1119; x_wconf 90' lang='lat' dir='ltr'>nobis</span> 
     </span>
     <span class='ocr_line' id='line_1_9' title="bbox 153 1145 1306 1240; baseline -0.002 -21"><span class='ocrx_word' id='word_1_60' title='bbox 153 1145 348 1239; x_wconf 40' lang='lat' dir='ltr'>‘impetrare</span> <span class='ocrx_word' id='word_1_61' title='bbox 375 1175 440 1217; x_wconf 93' lang='lat' dir='ltr'>non</span> <span class='ocrx_word' id='word_1_62' title='bbox 471 1175 652 1237; x_wconf 92' lang='lat' dir='ltr'>possumus.</span> <span class='ocrx_word' id='word_1_63' title='bbox 702 1153 847 1232; x_wconf 76' lang='lat' dir='ltr'>Quarum</span> <span class='ocrx_word' id='word_1_64' title='bbox 876 1156 973 1218; x_wconf 92' lang='lat' dir='ltr'>trium</span> <span class='ocrx_word' id='word_1_65' title='bbox 1008 1155 1189 1227; x_wconf 88' lang='lat' dir='ltr'>orationum</span> <span class='ocrx_word' id='word_1_66' title='bbox 1222 1176 1306 1240; x_wconf 91' lang='lat' dir='ltr'>quae</span> 
     </span>
     <span class='ocr_line' id='line_1_10' title="bbox 167 1252 1273 1340; baseline 0.001 -22"><span class='ocrx_word' id='word_1_67' title='bbox 167 1256 315 1318; x_wconf 56' lang='lat' dir='ltr'>&lt;maxime</span> <span class='ocrx_word' id='word_1_68' title='bbox 336 1262 410 1318; x_wconf 90' lang='lat' dir='ltr'>sunt</span> <span class='ocrx_word' id='word_1_69' title='bbox 431 1255 565 1339; x_wconf 91' lang='lat' dir='ltr'>propria</span> <span class='ocrx_word' id='word_1_70' title='bbox 588 1275 644 1316; x_wconf 93' lang='lat' dir='ltr'>suo</span> <span class='ocrx_word' id='word_1_71' title='bbox 667 1275 813 1340; x_wconf 92' lang='lat' dir='ltr'>quaeque</span> <span class='ocrx_word' id='word_1_72' title='bbox 834 1252 905 1320; x_wconf 91' lang='lat' dir='ltr'>loco</span> <span class='ocrx_word' id='word_1_73' title='bbox 928 1253 1273 1321; x_wconf 87' lang='lat' dir='ltr'>commemorabuntur.</span> 
     </span>
    </p>
   </div>
   <div class='ocr_carea' id='block_1_3' title="bbox 650 1502 824 1585">
    <p class='ocr_par' dir='ltr' id='par_1_3' title="bbox 650 1502 824 1585">
     <span class='ocr_line' id='line_1_11' title="bbox 650 1502 824 1585; baseline 0 -2"><span class='ocrx_word' id='word_1_74' title='bbox 650 1502 769 1584; x_wconf 81' lang='lat' dir='ltr'>cAP.</span> <span class='ocrx_word' id='word_1_75' title='bbox 792 1504 824 1585; x_wconf 93' lang='grc' dir='ltr'>Ι.</span> 
     </span>
    </p>
   </div>
   <div class='ocr_carea' id='block_1_4' title="bbox 511 1652 965 1718">
    <p class='ocr_par' dir='ltr' id='par_1_4' title="bbox 511 1652 965 1718">
     <span class='ocr_line' id='line_1_12' title="bbox 511 1652 965 1718; baseline 0.004 -3"><span class='ocrx_word' id='word_1_76' title='bbox 511 1652 566 1715; x_wconf 85' lang='lat' dir='ltr'>De</span> <span class='ocrx_word' id='word_1_77' title='bbox 586 1653 787 1717; x_wconf 80' lang='grc' dir='ltr'><strong><em>νενίιονννι</em></strong></span> <span class='ocrx_word' id='word_1_78' title='bbox 809 1653 965 1718; x_wconf 77' lang='lat' dir='ltr'>delectu</span> 
     </span>
    </p>
   </div>
   <div class='ocr_carea' id='block_1_5' title="bbox 80 1797 1306 3091">
    <p class='ocr_par' dir='ltr' id='par_1_5' title="bbox 80 1797 1306 2890">
     <span class='ocr_line' id='line_1_13' title="bbox 172 1797 1304 1892; baseline -0.002 -22"><span class='ocrx_word' id='word_1_79' title='bbox 172 1828 266 1892; x_wconf 93' lang='lat' dir='ltr'>quem</span> <span class='ocrx_word' id='word_1_80' title='bbox 283 1803 444 1869; x_wconf 90' lang='lat' dir='ltr'>Isocrates</span> <span class='ocrx_word' id='word_1_81' title='bbox 459 1801 610 1867; x_wconf 88' lang='lat' dir='ltr'>habuerit</span> <span class='ocrx_word' id='word_1_82' title='bbox 624 1803 712 1889; x_wconf 91' lang='lat' dir='ltr'>apud</span> <span class='ocrx_word' id='word_1_83' title='bbox 728 1797 923 1890; x_wconf 86' lang='lat' dir='ltr'>Dionysium</span> <span class='ocrx_word' id='word_1_84' title='bbox 938 1803 1038 1868; x_wconf 89' lang='lat' dir='ltr'>haece</span> <span class='ocrx_word' id='word_1_85' title='bbox 1053 1804 1121 1868; x_wconf 87' lang='lat' dir='ltr'>fere</span> <span class='ocrx_word' id='word_1_86' title='bbox 1138 1803 1304 1890; x_wconf 84' lang='lat' dir='ltr'>leguntur:</span> 
     </span>
     <span class='ocr_line' id='line_1_14' title="bbox 80 1895 1303 1992; baseline 0 -23"><span class='ocrx_word' id='word_1_87' title='bbox 80 1938 86 1959; x_wconf 59' lang='grc' dir='ltr'><strong><em>ι</em></strong></span> <span class='ocrx_word' id='word_1_88' title='bbox 172 1896 208 1969; x_wconf 78' lang='grc' dir='ltr'><strong><em>εὗ</em></strong></span> <span class='ocrx_word' id='word_1_89' title='bbox 228 1899 319 1969; x_wconf 80' lang='grc' dir='ltr'><strong><em>πάνυ</em></strong></span> <span class='ocrx_word' id='word_1_90' title='bbox 332 1898 459 1985; x_wconf 75' lang='grc' dir='ltr'><strong><em>ἐκλέγει</em></strong></span> <span class='ocrx_word' id='word_1_91' title='bbox 482 1898 539 1965; x_wconf 87' lang='grc' dir='ltr'>καί</span> <span class='ocrx_word' id='word_1_92' title='bbox 558 1898 598 1965; x_wconf 87' lang='grc' dir='ltr'>τὰ</span> <span class='ocrx_word' id='word_1_93' title='bbox 621 1897 777 1982; x_wconf 89' lang='grc' dir='ltr'><strong><em>κράτιστα</em></strong></span> <span class='ocrx_word' id='word_1_94' title='bbox 800 1895 943 1992; x_wconf 76' lang='grc' dir='ltr'><strong><em>ὀνόματα</em></strong></span> <span class='ocrx_word' id='word_1_95' title='bbox 963 1897 1103 1988; x_wconf 73' lang='grc' dir='ltr'><strong><em>τίθησιν.</em></strong></span> <span class='ocrx_word' id='word_1_96' title='bbox 1114 1908 1137 1984; x_wconf 80' lang='grc'>5)</span> <span class='ocrx_word' id='word_1_97' title='bbox 1166 1901 1303 1986; x_wconf 78' lang='grc' dir='ltr'><strong><em>καθαρά</em></strong></span> 
     </span>
     <span class='ocr_line' id='line_1_15' title="bbox 170 1990 1305 2091; baseline 0.003 -24"><span class='ocrx_word' id='word_1_98' title='bbox 170 2000 232 2084; x_wconf 86' lang='grc' dir='ltr'>μέν</span> <span class='ocrx_word' id='word_1_99' title='bbox 262 2000 351 2067; x_wconf 79' lang='grc' dir='ltr'><strong><em>ἔστιν</em></strong></span> <span class='ocrx_word' id='word_1_100' title='bbox 381 1996 401 2086; x_wconf 81' lang='grc' dir='ltr'><strong><em>ἡ</em></strong></span> <span class='ocrx_word' id='word_1_101' title='bbox 434 1997 518 2077; x_wconf 83' lang='grc' dir='ltr'><strong><em>λέξις</em></strong></span> <span class='ocrx_word' id='word_1_102' title='bbox 546 1994 611 2080; x_wconf 81' lang='grc' dir='ltr'><strong><em>οιίχ</em></strong></span> <span class='ocrx_word' id='word_1_103' title='bbox 642 1990 737 2089; x_wconf 75' lang='grc' dir='ltr'><strong><em>ἧττον</em></strong></span> <span class='ocrx_word' id='word_1_104' title='bbox 764 2004 825 2084; x_wconf 78' lang='grc' dir='ltr'>τῆς</span> <span class='ocrx_word' id='word_1_105' title='bbox 851 1997 983 2079; x_wconf 87' lang='grc' dir='ltr'><strong><em>Λυσίου</em></strong></span> <span class='ocrx_word' id='word_1_106' title='bbox 1013 2001 1070 2067; x_wconf 85' lang='grc' dir='ltr'>καὶ</span> <span class='ocrx_word' id='word_1_107' title='bbox 1103 1997 1200 2069; x_wconf 80' lang='grc' dir='ltr'><strong><em>οὐδὲν</em></strong></span> <span class='ocrx_word' id='word_1_108' title='bbox 1229 1998 1305 2091; x_wconf 76' lang='grc' dir='ltr'><strong><em>εἰκῆ</em></strong></span> 
     </span>
     <span class='ocr_line' id='line_1_16' title="bbox 171 2094 1306 2190; baseline 0.001 -22"><span class='ocrx_word' id='word_1_109' title='bbox 171 2106 302 2168; x_wconf 76' lang='grc' dir='ltr'><strong><em>τιθεῖσα</em></strong></span> <span class='ocrx_word' id='word_1_110' title='bbox 324 2096 445 2182; x_wconf 80' lang='grc' dir='ltr'><strong><em>ἷίνομα·</em></strong></span> <span class='ocrx_word' id='word_1_111' title='bbox 467 2096 525 2185; x_wconf 87' lang='grc' dir='ltr'><strong><em>τηύ</em></strong></span> <span class='ocrx_word' id='word_1_112' title='bbox 544 2124 580 2164; x_wconf 93' lang='grc' dir='ltr'><strong><em>τε</em></strong></span> <span class='ocrx_word' id='word_1_113' title='bbox 602 2096 778 2166; x_wconf 80' lang='grc' dir='ltr'><strong><em>διάλεκτον</em></strong></span> <span class='ocrx_word' id='word_1_114' title='bbox 799 2094 982 2184; x_wconf 79' lang='grc' dir='ltr'><strong><em>ἀκριβοῦσα</em></strong></span> <span class='ocrx_word' id='word_1_115' title='bbox 1004 2100 1038 2166; x_wconf 78' lang='grc' dir='ltr'>ἐν</span> <span class='ocrx_word' id='word_1_116' title='bbox 1051 2106 1121 2180; x_wconf 87' lang='grc' dir='ltr'><strong><em>τοῖς</em></strong></span> <span class='ocrx_word' id='word_1_117' title='bbox 1135 2098 1224 2169; x_wconf 82' lang='grc' dir='ltr'><strong><em>πάνυ</em></strong></span> <span class='ocrx_word' id='word_1_118' title='bbox 1241 2102 1306 2190; x_wconf 78' lang='grc' dir='ltr'>τὴν</span> 
     </span>
     <span class='ocr_line' id='line_1_17' title="bbox 172 2193 1304 2289; baseline 0.001 -22"><span class='ocrx_word' id='word_1_119' title='bbox 172 2201 288 2287; x_wconf 80' lang='grc' dir='ltr'><strong><em>κοιυην</em></strong></span> <span class='ocrx_word' id='word_1_120' title='bbox 309 2199 366 2266; x_wconf 86' lang='grc' dir='ltr'>καί</span> <span class='ocrx_word' id='word_1_121' title='bbox 388 2196 649 2286; x_wconf 71' lang='grc' dir='ltr'><strong><em>συνηθεστάτην·</em></strong></span> <span class='ocrx_word' id='word_1_122' title='bbox 672 2198 726 2265; x_wconf 83' lang='grc' dir='ltr'>καί</span> <span class='ocrx_word' id='word_1_123' title='bbox 748 2198 810 2284; x_wconf 77' lang='grc' dir='ltr'>γὰρ</span> <span class='ocrx_word' id='word_1_124' title='bbox 834 2193 915 2287; x_wconf 67' lang='grc' dir='ltr'><strong><em>αὓτη</em></strong></span> <span class='ocrx_word' id='word_1_125' title='bbox 937 2199 1102 2287; x_wconf 79' lang='grc' dir='ltr'><em>πέφευγεν</em></span> <span class='ocrx_word' id='word_1_126' title='bbox 1116 2197 1304 2289; x_wconf 75' lang='grc' dir='ltr'><strong><em>ἀπηρχαιω-</em></strong></span> 
     </span>
     <span class='ocr_line' id='line_1_18' title="bbox 169 2292 1301 2388; baseline 0.001 -21"><span class='ocrx_word' id='word_1_127' title='bbox 169 2301 278 2385; x_wconf 84' lang='grc' dir='ltr'><strong><em>μένων</em></strong></span> <span class='ocrx_word' id='word_1_128' title='bbox 297 2301 352 2367; x_wconf 83' lang='grc' dir='ltr'>καί</span> <span class='ocrx_word' id='word_1_129' title='bbox 374 2301 564 2388; x_wconf 78' lang='grc' dir='ltr'><strong><em>σημειωδῶν</em></strong></span> <span class='ocrx_word' id='word_1_130' title='bbox 578 2292 750 2382; x_wconf 82' lang='grc' dir='ltr'><strong><em>ὀνομάτων</em></strong></span> <span class='ocrx_word' id='word_1_131' title='bbox 762 2299 824 2386; x_wconf 79' lang='grc' dir='ltr'>την</span> <span class='ocrx_word' id='word_1_132' title='bbox 838 2293 1088 2387; x_wconf 79' lang='grc' dir='ltr'><strong><em>ἀπειροκαλίαν.</em></strong></span> <span class='ocrx_word' id='word_1_133' title='bbox 1098 2306 1120 2385; x_wconf 85' lang='grc'>6)</span> <span class='ocrx_word' id='word_1_134' title='bbox 1141 2342 1182 2351; x_wconf 90' lang='grc'><strong>-</strong></span> <span class='ocrx_word' id='word_1_135' title='bbox 1197 2299 1230 2374; x_wconf 86' lang='grc' dir='ltr'>Ἰ,</span> <span class='ocrx_word' id='word_1_136' title='bbox 1245 2329 1301 2369; x_wconf 94' lang='grc' dir='ltr'>κα-</span> 
     </span>
     <span class='ocr_line' id='line_1_19' title="bbox 170 2394 1301 2488; baseline 0.001 -21"><span class='ocrx_word' id='word_1_137' title='bbox 170 2398 365 2488; x_wconf 69' lang='grc' dir='ltr'><strong><em>θαρώτατος</em></strong></span> <span class='ocrx_word' id='word_1_138' title='bbox 387 2400 427 2486; x_wconf 79' lang='grc' dir='ltr'>δη</span> <span class='ocrx_word' id='word_1_139' title='bbox 458 2404 522 2465; x_wconf 80' lang='grc' dir='ltr'>τῶν</span> <span class='ocrx_word' id='word_1_140' title='bbox 543 2394 655 2465; x_wconf 73' lang='grc' dir='ltr'><strong><em>σίλλων</em></strong></span> <span class='ocrx_word' id='word_1_141' title='bbox 676 2396 759 2464; x_wconf 89' lang='grc' dir='ltr'><strong><em>κατά</em></strong></span> <span class='ocrx_word' id='word_1_142' title='bbox 783 2423 818 2483; x_wconf 83' lang='grc' dir='ltr'><strong><em>γε</em></strong></span> <span class='ocrx_word' id='word_1_143' title='bbox 836 2396 971 2465; x_wconf 85' lang='grc' dir='ltr'><strong><em>Λυσίαν</em></strong></span> <span class='ocrx_word' id='word_1_144' title='bbox 992 2398 1026 2466; x_wconf 79' lang='grc' dir='ltr'>ἐν</span> <span class='ocrx_word' id='word_1_145' title='bbox 1052 2405 1121 2480; x_wconf 86' lang='grc' dir='ltr'><strong><em>τοῖς</em></strong></span> <span class='ocrx_word' id='word_1_146' title='bbox 1142 2397 1301 2487; x_wconf 85' lang='grc' dir='ltr'><strong><em>ὀνόμασιν</em></strong></span> 
     </span>
     <span class='ocr_line' id='line_1_20' title="bbox 170 2495 1302 2591; baseline 0.001 -23"><span class='ocrx_word' id='word_1_147' title='bbox 170 2497 283 2588; x_wconf 72' lang='grc' dir='ltr'><strong><em>ἔμοιγε</em></strong></span> <span class='ocrx_word' id='word_1_148' title='bbox 300 2502 392 2567; x_wconf 74' lang='grc' dir='ltr'><strong><em>δοκεῖ</em></strong></span> <span class='ocrx_word' id='word_1_149' title='bbox 410 2497 577 2586; x_wconf 72' lang='grc' dir='ltr'><strong><em>γενέσθαι,</em></strong></span> <span class='ocrx_word' id='word_1_150' title='bbox 600 2497 681 2582; x_wconf 85' lang='grc' dir='ltr'><strong><em>μίαν</em></strong></span> <span class='ocrx_word' id='word_1_151' title='bbox 693 2497 755 2581; x_wconf 86' lang='grc' dir='ltr'>μὲν</span> <span class='ocrx_word' id='word_1_152' title='bbox 774 2499 813 2588; x_wconf 81' lang='grc' dir='ltr'>δὴ</span> <span class='ocrx_word' id='word_1_153' title='bbox 830 2496 950 2587; x_wconf 83' lang='grc' dir='ltr'><strong><em>ταύτην</em></strong></span> <span class='ocrx_word' id='word_1_154' title='bbox 964 2495 1081 2591; x_wconf 78' lang='grc' dir='ltr'><strong><em>ἀρετὴν</em></strong></span> <span class='ocrx_word' id='word_1_155' title='bbox 1095 2499 1189 2583; x_wconf 84' lang='grc' dir='ltr'><strong><em>άξίαν</em></strong></span> <span class='ocrx_word' id='word_1_156' title='bbox 1204 2500 1302 2591; x_wconf 77' lang='grc' dir='ltr'><strong><em>ζήλου</em></strong></span> 
     </span>
     <span class='ocr_line' id='line_1_21' title="bbox 169 2596 1303 2690; baseline 0 -23"><span class='ocrx_word' id='word_1_157' title='bbox 169 2600 226 2667; x_wconf 84' lang='grc' dir='ltr'>καὶ</span> <span class='ocrx_word' id='word_1_158' title='bbox 238 2598 407 2688; x_wconf 80' lang='grc' dir='ltr'><strong><em>μιμήσεως</em></strong></span> <span class='ocrx_word' id='word_1_159' title='bbox 422 2596 560 2683; x_wconf 74' lang='grc' dir='ltr'><strong><em>εὗρίσκω</em></strong></span> <span class='ocrx_word' id='word_1_160' title='bbox 582 2599 674 2685; x_wconf 83' lang='grc' dir='ltr'><strong><em>παρὰ</em></strong></span> <span class='ocrx_word' id='word_1_161' title='bbox 696 2604 741 2686; x_wconf 57' lang='lat' dir='ltr'>trgi</span> <span class='ocrx_word' id='word_1_162' title='bbox 768 2596 882 2685; x_wconf 82' lang='grc' dir='ltr'><strong><em>ῥήτορι</em></strong></span> <span class='ocrx_word' id='word_1_163' title='bbox 910 2601 966 2666; x_wconf 81' lang='grc' dir='ltr'>καὶ</span> <span class='ocrx_word' id='word_1_164' title='bbox 995 2602 1303 2690; x_wconf 78' lang='grc' dir='ltr'><strong><em>παρακελευσαίμην</em></strong></span> 
     </span>
     <span class='ocr_line' id='line_1_22' title="bbox 169 2694 1302 2790; baseline 0.002 -24"><span class='ocrx_word' id='word_1_165' title='bbox 169 2695 210 2766; x_wconf 74' lang='lat' dir='ltr'>dv</span> <span class='ocrx_word' id='word_1_166' title='bbox 228 2710 303 2779; x_wconf 83' lang='grc' dir='ltr'><strong><em>τοῖς</em></strong></span> <span class='ocrx_word' id='word_1_167' title='bbox 328 2698 546 2785; x_wconf 80' lang='grc' dir='ltr'><strong><em>βουλομένοις</em></strong></span> <span class='ocrx_word' id='word_1_168' title='bbox 571 2705 731 2782; x_wconf 68' lang='grc' dir='ltr'><strong><em>καθαρῶς</em></strong></span> <span class='ocrx_word' id='word_1_169' title='bbox 752 2699 893 2790; x_wconf 75' lang='grc' dir='ltr'><strong><em>γράφειν</em></strong></span> <span class='ocrx_word' id='word_1_170' title='bbox 913 2694 933 2788; x_wconf 73' lang='grc' dir='ltr'>ἢ</span> <span class='ocrx_word' id='word_1_171' title='bbox 955 2701 1009 2767; x_wconf 78' lang='grc' dir='ltr'>καί</span> <span class='ocrx_word' id='word_1_172' title='bbox 1030 2698 1146 2787; x_wconf 75' lang='grc' dir='ltr'><strong><em>λέγειν,</em></strong></span> <span class='ocrx_word' id='word_1_173' title='bbox 1179 2700 1302 2770; x_wconf 76' lang='grc' dir='ltr'><strong><em>ἐκεῖνον</em></strong></span> 
     </span>
     <span class='ocr_line' id='line_1_23' title="bbox 167 2795 968 2890; baseline -0.001 -24"><span class='ocrx_word' id='word_1_174' title='bbox 167 2801 226 2867; x_wconf 84' lang='grc' dir='ltr'>τὸν</span> <span class='ocrx_word' id='word_1_175' title='bbox 241 2795 345 2883; x_wconf 74' lang='grc' dir='ltr'><strong><em>ἄνδρα</em></strong></span> <span class='ocrx_word' id='word_1_176' title='bbox 359 2798 571 2885; x_wconf 79' lang='grc' dir='ltr'><strong><em>παράδειγμα</em></strong></span> <span class='ocrx_word' id='word_1_177' title='bbox 591 2797 707 2887; x_wconf 74' lang='grc' dir='ltr'><strong><em>ταύτης</em></strong></span> <span class='ocrx_word' id='word_1_178' title='bbox 727 2805 787 2886; x_wconf 82' lang='grc' dir='ltr'>τῆς</span> <span class='ocrx_word' id='word_1_179' title='bbox 806 2797 968 2890; x_wconf 64' lang='grc' dir='ltr'><strong><em>ἀρετῆςῖ)</em></strong></span> 
     </span>
    </p>

    <p class='ocr_par' dir='ltr' id='par_1_6' title="bbox 168 2899 1301 3091">
     <span class='ocr_line' id='line_1_24' title="bbox 250 2899 1301 2990; baseline 0.003 -23"><span class='ocrx_word' id='word_1_180' title='bbox 250 2904 300 2967; x_wconf 86' lang='lat' dir='ltr'>Ac</span> <span class='ocrx_word' id='word_1_181' title='bbox 322 2904 482 2988; x_wconf 90' lang='lat' dir='ltr'>Dionysio</span> <span class='ocrx_word' id='word_1_182' title='bbox 506 2903 634 2990; x_wconf 92' lang='lat' dir='ltr'>quidem</span> <span class='ocrx_word' id='word_1_183' title='bbox 656 2926 795 2989; x_wconf 87' lang='lat' dir='ltr'>puram</span> <span class='ocrx_word' id='word_1_184' title='bbox 813 2902 968 2968; x_wconf 91' lang='lat' dir='ltr'>Isocratis</span> <span class='ocrx_word' id='word_1_185' title='bbox 991 2925 1054 2968; x_wconf 91' lang='lat' dir='ltr'>non</span> <span class='ocrx_word' id='word_1_186' title='bbox 1077 2905 1181 2968; x_wconf 91' lang='lat' dir='ltr'>minus</span> <span class='ocrx_word' id='word_1_187' title='bbox 1204 2899 1301 2990; x_wconf 91' lang='lat' dir='ltr'>quam</span> 
     </span>
     <span class='ocr_line' id='line_1_25' title="bbox 168 3002 1301 3091; baseline 0 -22"><span class='ocrx_word' id='word_1_188' title='bbox 168 3005 289 3091; x_wconf 83' lang='lat' dir='ltr'>Lysiae</span> <span class='ocrx_word' id='word_1_189' title='bbox 310 3002 456 3091; x_wconf 84' lang='lat' dir='ltr'>laudanti</span> <span class='ocrx_word' id='word_1_190' title='bbox 477 3003 647 3068; x_wconf 89' lang='lat' dir='ltr'>dictionem</span> <span class='ocrx_word' id='word_1_191' title='bbox 669 3003 739 3068; x_wconf 92' lang='lat' dir='ltr'>fieri</span> <span class='ocrx_word' id='word_1_192' title='bbox 760 3026 823 3067; x_wconf 94' lang='lat' dir='ltr'>non</span> <span class='ocrx_word' id='word_1_193' title='bbox 845 3013 952 3090; x_wconf 91' lang='lat' dir='ltr'>potest</span> <span class='ocrx_word' id='word_1_194' title='bbox 974 3005 1050 3090; x_wconf 94' lang='lat' dir='ltr'>quin</span> <span class='ocrx_word' id='word_1_195' title='bbox 1069 3006 1301 3087; x_wconf 71' lang='lat' dir='ltr'>assentiamur,</span> 
     </span>
    </p>
   </div>
   <div class='ocr_carea' id='block_1_6' title="bbox 166 3255 1302 3762">
    <p class='ocr_par' dir='ltr' id='par_1_7' title="bbox 167 3255 1302 3509">
     <span class='ocr_line' id='line_1_26' title="bbox 237 3255 1302 3339; baseline 0 -15"><span class='ocrx_word' id='word_1_196' title='bbox 237 3273 261 3337; x_wconf 83' lang='lat'>1)</span> <span class='ocrx_word' id='word_1_197' title='bbox 279 3272 348 3323; x_wconf 91' lang='lat' dir='ltr'>rhet.</span> <span class='ocrx_word' id='word_1_198' title='bbox 369 3269 406 3332; x_wconf 87' lang='grc' dir='ltr'>ΙΙ,</span> <span class='ocrx_word' id='word_1_199' title='bbox 426 3271 470 3321; x_wconf 83' lang='lat'>19:</span> <span class='ocrx_word' id='word_1_200' title='bbox 491 3255 589 3336; x_wconf 70' lang='lat' dir='ltr'>doaso</span> <span class='ocrx_word' id='word_1_201' title='bbox 608 3268 658 3321; x_wconf 85' lang='grc' dir='ltr'>καλ</span> <span class='ocrx_word' id='word_1_202' title='bbox 673 3257 840 3339; x_wconf 78' lang='grc' dir='ltr'><strong><em>Ἰσοκράτης</em></strong></span> <span class='ocrx_word' id='word_1_203' title='bbox 857 3262 913 3338; x_wconf 68' lang='grc' dir='ltr'>ἔφη</span> <span class='ocrx_word' id='word_1_204' title='bbox 935 3261 1033 3323; x_wconf 81' lang='grc' dir='ltr'><strong><em>δεινὸν</em></strong></span> <span class='ocrx_word' id='word_1_205' title='bbox 1057 3259 1145 3334; x_wconf 78' lang='grc' dir='ltr'><strong><em>εἶναι,</em></strong></span> <span class='ocrx_word' id='word_1_206' title='bbox 1169 3267 1197 3324; x_wconf 82' lang='grc' dir='ltr'><strong><em>εἰ</em></strong></span> <span class='ocrx_word' id='word_1_207' title='bbox 1214 3260 1230 3323; x_wconf 83' lang='grc' dir='ltr'>ὁ</span> <span class='ocrx_word' id='word_1_208' title='bbox 1247 3268 1302 3338; x_wconf 73' lang='grc' dir='ltr'>μὲν</span> 
     </span>
     <span class='ocr_line' id='line_1_27' title="bbox 167 3341 1299 3425; baseline -0.002 -16"><span class='ocrx_word' id='word_1_209' title='bbox 167 3347 302 3418; x_wconf 72' lang='grc' dir='ltr'><strong><em>Εὔθυνος</em></strong></span> <span class='ocrx_word' id='word_1_210' title='bbox 320 3346 444 3420; x_wconf 63' lang='lat' dir='ltr'>dautra-</span> <span class='ocrx_word' id='word_1_211' title='bbox 458 3343 546 3414; x_wconf 75' lang='grc' dir='ltr'><strong><em>αὐτὸς</em></strong></span> <span class='ocrx_word' id='word_1_212' title='bbox 563 3348 595 3404; x_wconf 77' lang='grc' dir='ltr'>δὲ</span> <span class='ocrx_word' id='word_1_213' title='bbox 612 3354 650 3420; x_wconf 80' lang='grc' dir='ltr'>μὴ</span> <span class='ocrx_word' id='word_1_214' title='bbox 669 3352 822 3421; x_wconf 75' lang='grc' dir='ltr'><strong><em>δυνήσεται</em></strong></span> <span class='ocrx_word' id='word_1_215' title='bbox 840 3341 944 3422; x_wconf 65' lang='lat' dir='ltr'>eripete,</span> <span class='ocrx_word' id='word_1_216' title='bbox 967 3371 1037 3425; x_wconf 89' lang='lat' dir='ltr'>quae</span> <span class='ocrx_word' id='word_1_217' title='bbox 1054 3355 1136 3408; x_wconf 88' lang='lat' dir='ltr'>verba</span> <span class='ocrx_word' id='word_1_218' title='bbox 1153 3355 1254 3408; x_wconf 82' lang='lat' dir='ltr'>frustra</span> <span class='ocrx_word' id='word_1_219' title='bbox 1271 3355 1299 3407; x_wconf 91' lang='lat' dir='ltr'>in</span> 
     </span>
     <span class='ocr_line' id='line_1_28' title="bbox 167 3438 862 3509; baseline -0.009 -17"><span class='ocrx_word' id='word_1_220' title='bbox 167 3441 291 3494; x_wconf 88' lang='lat' dir='ltr'>oratione</span> <span class='ocrx_word' id='word_1_221' title='bbox 308 3438 381 3490; x_wconf 88' lang='lat' dir='ltr'>XXI</span> <span class='ocrx_word' id='word_1_222' title='bbox 399 3445 575 3509; x_wconf 88' lang='lat' dir='ltr'>quaeruntur.</span> <span class='ocrx_word' id='word_1_223' title='bbox 859 3449 862 3454; x_wconf 87' lang='lat'><em>·</em></span> 
     </span>
    </p>

    <p class='ocr_par' dir='ltr' id='par_1_8' title="bbox 166 3521 1299 3762">
     <span class='ocr_line' id='line_1_29' title="bbox 233 3521 1299 3595; baseline 0.002 -20"><span class='ocrx_word' id='word_1_224' title='bbox 233 3521 259 3587; x_wconf 78' lang='lat'>2)</span> <span class='ocrx_word' id='word_1_225' title='bbox 278 3523 356 3585; x_wconf 83' lang='lat' dir='ltr'>Quae</span> <span class='ocrx_word' id='word_1_226' title='bbox 374 3521 485 3594; x_wconf 87' lang='lat' dir='ltr'>quidem</span> <span class='ocrx_word' id='word_1_227' title='bbox 503 3522 590 3574; x_wconf 85' lang='lat' dir='ltr'>oratio</span> <span class='ocrx_word' id='word_1_228' title='bbox 611 3537 697 3593; x_wconf 90' lang='lat' dir='ltr'>aeque</span> <span class='ocrx_word' id='word_1_229' title='bbox 715 3538 747 3575; x_wconf 91' lang='lat' dir='ltr'>ae</span> <span class='ocrx_word' id='word_1_230' title='bbox 765 3521 938 3592; x_wconf 85' lang='lat' dir='ltr'>Trapezitica</span> <span class='ocrx_word' id='word_1_231' title='bbox 955 3525 1029 3594; x_wconf 92' lang='lat' dir='ltr'>quod</span> <span class='ocrx_word' id='word_1_232' title='bbox 1046 3523 1140 3594; x_wconf 93' lang='lat' dir='ltr'>plures</span> <span class='ocrx_word' id='word_1_233' title='bbox 1157 3531 1186 3577; x_wconf 90' lang='lat' dir='ltr'>et</span> <span class='ocrx_word' id='word_1_234' title='bbox 1202 3541 1299 3595; x_wconf 87' lang='lat' dir='ltr'>graves</span> 
     </span>
     <span class='ocr_line' id='line_1_30' title="bbox 166 3606 1299 3678; baseline 0 -17"><span class='ocrx_word' id='word_1_235' title='bbox 166 3608 286 3661; x_wconf 87' lang='lat' dir='ltr'>habeant</span> <span class='ocrx_word' id='word_1_236' title='bbox 303 3607 394 3659; x_wconf 88' lang='lat' dir='ltr'>hiatus</span> <span class='ocrx_word' id='word_1_237' title='bbox 412 3606 541 3659; x_wconf 90' lang='lat' dir='ltr'>leviorem</span> <span class='ocrx_word' id='word_1_238' title='bbox 559 3623 641 3677; x_wconf 90' lang='lat' dir='ltr'>quam</span> <span class='ocrx_word' id='word_1_239' title='bbox 660 3613 691 3658; x_wconf 91' lang='lat' dir='ltr'>ut</span> <span class='ocrx_word' id='word_1_240' title='bbox 706 3606 885 3676; x_wconf 87' lang='lat' dir='ltr'>repudientur</span> <span class='ocrx_word' id='word_1_241' title='bbox 902 3624 960 3660; x_wconf 90' lang='lat' dir='ltr'>esse</span> <span class='ocrx_word' id='word_1_242' title='bbox 984 3625 1093 3662; x_wconf 87' lang='lat' dir='ltr'>causam</span> <span class='ocrx_word' id='word_1_243' title='bbox 1110 3610 1199 3662; x_wconf 93' lang='lat' dir='ltr'>donec</span> <span class='ocrx_word' id='word_1_244' title='bbox 1217 3627 1299 3678; x_wconf 87' lang='lat' dir='ltr'>expo·</span> 
     </span>
     <span class='ocr_line' id='line_1_31' title="bbox 166 3689 953 3762; baseline 0.001 -19"><span class='ocrx_word' id='word_1_245' title='bbox 166 3693 248 3745; x_wconf 91' lang='lat' dir='ltr'>nendi</span> <span class='ocrx_word' id='word_1_246' title='bbox 266 3690 319 3744; x_wconf 88' lang='lat' dir='ltr'>erit</span> <span class='ocrx_word' id='word_1_247' title='bbox 335 3698 452 3762; x_wconf 90' lang='lat' dir='ltr'>tempus,</span> <span class='ocrx_word' id='word_1_248' title='bbox 470 3690 549 3744; x_wconf 88' lang='lat' dir='ltr'>nobis</span> <span class='ocrx_word' id='word_1_249' title='bbox 567 3689 651 3743; x_wconf 87' lang='lat' dir='ltr'>videri</span> <span class='ocrx_word' id='word_1_250' title='bbox 670 3707 743 3744; x_wconf 90' lang='lat' dir='ltr'>nunc</span> <span class='ocrx_word' id='word_1_251' title='bbox 760 3689 825 3744; x_wconf 89' lang='lat' dir='ltr'>satis</span> <span class='ocrx_word' id='word_1_252' title='bbox 841 3691 953 3744; x_wconf 88' lang='lat' dir='ltr'>habeas.</span> 
     </span>
    </p>
   </div>
   <div class='ocr_carea' id='block_1_7' title="bbox 279 3774 757 3845">
    <p class='ocr_par' dir='ltr' id='par_1_9' title="bbox 279 3774 757 3845">
     <span class='ocr_line' id='line_1_32' title="bbox 279 3774 757 3845; baseline -0.004 -16"><span class='ocrx_word' id='word_1_253' title='bbox 279 3776 350 3830; x_wconf 91' lang='lat' dir='ltr'>Mus.</span> <span class='ocrx_word' id='word_1_254' title='bbox 370 3775 452 3830; x_wconf 87' lang='lat' dir='ltr'>khen.</span> <span class='ocrx_word' id='word_1_255' title='bbox 471 3775 525 3827; x_wconf 89' lang='lat' dir='ltr'>vol.</span> <span class='ocrx_word' id='word_1_256' title='bbox 542 3774 637 3839; x_wconf 85' lang='lat' dir='ltr'>XXV,</span> <span class='ocrx_word' id='word_1_257' title='bbox 655 3793 682 3845; x_wconf 92' lang='lat' dir='ltr'>p.</span> <span class='ocrx_word' id='word_1_258' title='bbox 701 3777 757 3827; x_wconf 82' lang='lat'>603.</span> 
     </span>
    </p>
   </div>
   <div class='ocr_carea' id='block_1_8' title="bbox 160 3776 1300 4434">
    <p class='ocr_par' dir='ltr' id='par_1_10' title="bbox 233 3776 259 3843">
     <span class='ocr_line' id='line_1_33' title="bbox 233 3776 259 3843; baseline 0 0"><span class='ocrx_word' id='word_1_259' title='bbox 233 3776 259 3843; x_wconf 84' lang='lat'>3)</span> 
     </span>
    </p>

    <p class='ocr_par' dir='ltr' id='par_1_11' title="bbox 165 3858 1300 4015">
     <span class='ocr_line' id='line_1_34' title="bbox 232 3858 1300 3931; baseline 0.001 -18"><span class='ocrx_word' id='word_1_260' title='bbox 232 3861 259 3927; x_wconf 85' lang='grc'>4)</span> <span class='ocrx_word' id='word_1_261' title='bbox 277 3861 340 3914; x_wconf 90' lang='lat' dir='ltr'>vido</span> <span class='ocrx_word' id='word_1_262' title='bbox 357 3877 498 3914; x_wconf 88' lang='lat' dir='ltr'>censuram</span> <span class='ocrx_word' id='word_1_263' title='bbox 516 3858 644 3913; x_wconf 90' lang='lat' dir='ltr'>editionis</span> <span class='ocrx_word' id='word_1_264' title='bbox 661 3859 878 3920; x_wconf 85' lang='lat' dir='ltr'>Benselerianae‚</span> <span class='ocrx_word' id='word_1_265' title='bbox 897 3878 979 3931; x_wconf 90' lang='lat' dir='ltr'>quam</span> <span class='ocrx_word' id='word_1_266' title='bbox 1001 3860 1048 3913; x_wconf 94' lang='lat' dir='ltr'>ille</span> <span class='ocrx_word' id='word_1_267' title='bbox 1070 3861 1128 3931; x_wconf 84' lang='lat' dir='ltr'>egit</span> <span class='ocrx_word' id='word_1_268' title='bbox 1145 3861 1173 3912; x_wconf 94' lang='lat' dir='ltr'>in</span> <span class='ocrx_word' id='word_1_269' title='bbox 1197 3862 1300 3914; x_wconf 90' lang='lat' dir='ltr'>annall.</span> 
     </span>
     <span class='ocr_line' id='line_1_35' title="bbox 165 3944 772 4015; baseline -0.002 -18"><span class='ocrx_word' id='word_1_270' title='bbox 165 3945 242 3999; x_wconf 84' lang='lat' dir='ltr'>novis</span> <span class='ocrx_word' id='word_1_271' title='bbox 259 3944 355 4014; x_wconf 86' lang='lat' dir='ltr'>philol.</span> <span class='ocrx_word' id='word_1_272' title='bbox 374 3945 452 3998; x_wconf 90' lang='lat' dir='ltr'>class.</span> <span class='ocrx_word' id='word_1_273' title='bbox 469 3944 522 3996; x_wconf 87' lang='lat' dir='ltr'>vol.</span> <span class='ocrx_word' id='word_1_274' title='bbox 541 3946 582 4007; x_wconf 75' lang='lat'>73,</span> <span class='ocrx_word' id='word_1_275' title='bbox 599 3961 627 4014; x_wconf 89' lang='lat' dir='ltr'>p.</span> <span class='ocrx_word' id='word_1_276' title='bbox 647 3945 695 3995; x_wconf 87' lang='grc'>356</span> <span class='ocrx_word' id='word_1_277' title='bbox 713 3962 772 4015; x_wconf 82' lang='lat' dir='ltr'>sqq.</span> 
     </span>
    </p>

    <p class='ocr_par' dir='ltr' id='par_1_12' title="bbox 232 4029 595 4099">
     <span class='ocr_line' id='line_1_36' title="bbox 232 4029 595 4099; baseline -0.003 -17"><span class='ocrx_word' id='word_1_278' title='bbox 232 4030 259 4096; x_wconf 83' lang='lat'>5)</span> <span class='ocrx_word' id='word_1_279' title='bbox 277 4029 312 4082; x_wconf 91' lang='lat' dir='ltr'>de</span> <span class='ocrx_word' id='word_1_280' title='bbox 330 4029 414 4082; x_wconf 87' lang='lat' dir='ltr'>Isocr.</span> <span class='ocrx_word' id='word_1_281' title='bbox 432 4047 459 4099; x_wconf 91' lang='lat' dir='ltr'>p.</span> <span class='ocrx_word' id='word_1_282' title='bbox 477 4030 533 4082; x_wconf 84' lang='lat'>539.</span> <span class='ocrx_word' id='word_1_283' title='bbox 552 4032 595 4081; x_wconf 80' lang='lat'>40.</span> 
     </span>
    </p>

    <p class='ocr_par' dir='ltr' id='par_1_13' title="bbox 232 4113 520 4185">
     <span class='ocr_line' id='line_1_37' title="bbox 232 4113 520 4185; baseline 0.003 -20"><span class='ocrx_word' id='word_1_284' title='bbox 232 4114 258 4180; x_wconf 89' lang='grc'>6)</span> <span class='ocrx_word' id='word_1_285' title='bbox 277 4113 343 4167; x_wconf 90' lang='lat' dir='ltr'>ibid.</span> <span class='ocrx_word' id='word_1_286' title='bbox 359 4132 386 4185; x_wconf 91' lang='lat' dir='ltr'>p.</span> <span class='ocrx_word' id='word_1_287' title='bbox 405 4117 463 4166; x_wconf 75' lang='lat'>537.</span> <span class='ocrx_word' id='word_1_288' title='bbox 481 4115 520 4166; x_wconf 85' lang='grc'>38.</span> 
     </span>
    </p>

    <p class='ocr_par' dir='ltr' id='par_1_14' title="bbox 160 4195 1298 4434">
     <span class='ocr_line' id='line_1_38' title="bbox 232 4195 1298 4267; baseline -0.001 -17"><span class='ocrx_word' id='word_1_289' title='bbox 232 4200 258 4264; x_wconf 76' lang='grc'>7)</span> <span class='ocrx_word' id='word_1_290' title='bbox 276 4197 310 4250; x_wconf 89' lang='lat' dir='ltr'>de</span> <span class='ocrx_word' id='word_1_291' title='bbox 327 4197 389 4267; x_wconf 88' lang='lat' dir='ltr'>Lys.</span> <span class='ocrx_word' id='word_1_292' title='bbox 407 4216 433 4267; x_wconf 84' lang='lat' dir='ltr'>p.</span> <span class='ocrx_word' id='word_1_293' title='bbox 451 4200 509 4250; x_wconf 80' lang='lat'>455.</span> <span class='ocrx_word' id='word_1_294' title='bbox 529 4197 563 4250; x_wconf 86' lang='lat' dir='ltr'>cf.</span> <span class='ocrx_word' id='word_1_295' title='bbox 582 4198 616 4250; x_wconf 90' lang='lat' dir='ltr'>do</span> <span class='ocrx_word' id='word_1_296' title='bbox 638 4198 710 4249; x_wconf 89' lang='lat' dir='ltr'>adm.</span> <span class='ocrx_word' id='word_1_297' title='bbox 726 4196 753 4248; x_wconf 90' lang='lat' dir='ltr'>vi</span> <span class='ocrx_word' id='word_1_298' title='bbox 769 4196 910 4266; x_wconf 88' lang='lat' dir='ltr'>Demosth.</span> <span class='ocrx_word' id='word_1_299' title='bbox 924 4215 950 4266; x_wconf 91' lang='lat' dir='ltr'>p.</span> <span class='ocrx_word' id='word_1_300' title='bbox 970 4198 1028 4248; x_wconf 80' lang='lat'>962.</span> <span class='ocrx_word' id='word_1_301' title='bbox 1041 4198 1073 4248; x_wconf 79' lang='lat' dir='ltr'>st</span> <span class='ocrx_word' id='word_1_302' title='bbox 1091 4204 1119 4249; x_wconf 90' lang='lat' dir='ltr'>et</span> <span class='ocrx_word' id='word_1_303' title='bbox 1131 4195 1298 4267; x_wconf 86' lang='lat' dir='ltr'>Hermogen.</span> 
     </span>
     <span class='ocr_line' id='line_1_39' title="bbox 163 4271 1297 4352; baseline -0.003 -17"><span class='ocrx_word' id='word_1_304' title='bbox 163 4282 231 4352; x_wconf 81' lang='grc' dir='ltr'><strong><em>περὶ</em></strong></span> <span class='ocrx_word' id='word_1_305' title='bbox 250 4279 336 4335; x_wconf 79' lang='grc' dir='ltr'><strong><em>ἰδεῶν</em></strong></span> <span class='ocrx_word' id='word_1_306' title='bbox 355 4283 393 4344; x_wconf 87' lang='lat'>11,</span> <span class='ocrx_word' id='word_1_307' title='bbox 412 4286 451 4335; x_wconf 91' lang='lat' dir='ltr'>ll.</span> <span class='ocrx_word' id='word_1_308' title='bbox 469 4285 498 4333; x_wconf 81' lang='lat'>4:</span> <span class='ocrx_word' id='word_1_309' title='bbox 518 4271 534 4333; x_wconf 83' lang='lat' dir='ltr'>d</span> <span class='ocrx_word' id='word_1_310' title='bbox 550 4271 581 4334; x_wconf 88' lang='grc' dir='ltr'>Ἰ.</span> <span class='ocrx_word' id='word_1_311' title='bbox 600 4274 686 4335; x_wconf 71' lang='grc' dir='ltr'><strong><em>ἕνεκα</em></strong></span> <span class='ocrx_word' id='word_1_312' title='bbox 706 4277 761 4347; x_wconf 79' lang='grc' dir='ltr'>μὲν</span> <span class='ocrx_word' id='word_1_313' title='bbox 777 4272 983 4351; x_wconf 77' lang='grc' dir='ltr'><strong><em>καθαρότητος</em></strong></span> <span class='ocrx_word' id='word_1_314' title='bbox 1002 4279 1054 4333; x_wconf 83' lang='grc' dir='ltr'>καὶ</span> <span class='ocrx_word' id='word_1_315' title='bbox 1076 4271 1245 4349; x_wconf 78' lang='grc' dir='ltr'><strong><em>εὕκριυείας,</em></strong></span> <span class='ocrx_word' id='word_1_316' title='bbox 1268 4275 1297 4333; x_wconf 77' lang='grc' dir='ltr'>αλ</span> 
     </span>
     <span class='ocr_line' id='line_1_40' title="bbox 160 4356 1180 4434; baseline 0 -17"><span class='ocrx_word' id='word_1_317' title='bbox 160 4366 198 4432; x_wconf 70' lang='grc' dir='ltr'>σι)</span> <span class='ocrx_word' id='word_1_318' title='bbox 216 4358 270 4418; x_wconf 77' lang='grc' dir='ltr'>τὸν</span> <span class='ocrx_word' id='word_1_319' title='bbox 285 4367 365 4434; x_wconf 78' lang='grc' dir='ltr'>σαφῆ</span> <span class='ocrx_word' id='word_1_320' title='bbox 381 4369 500 4420; x_wconf 82' lang='grc' dir='ltr'><strong><em>ποιοῦσι</em></strong></span> <span class='ocrx_word' id='word_1_321' title='bbox 518 4357 608 4434; x_wconf 79' lang='grc' dir='ltr'><strong><em>λόγον</em></strong></span> <span class='ocrx_word' id='word_1_322' title='bbox 624 4361 709 4426; x_wconf 81' lang='grc' dir='ltr'><strong><em>ἰδέαι,</em></strong></span> <span class='ocrx_word' id='word_1_323' title='bbox 726 4356 956 4426; x_wconf 83' lang='grc' dir='ltr'><strong><em>πολιτικώτατός</em></strong></span> <span class='ocrx_word' id='word_1_324' title='bbox 973 4360 1036 4418; x_wconf 78' lang='grc' dir='ltr'><strong><em>ἐστι</em></strong></span> <span class='ocrx_word' id='word_1_325' title='bbox 1053 4357 1180 4419; x_wconf 83' lang='grc' dir='ltr'><strong><em>πάντων.</em></strong></span> 
     </span>
    </p>
   </div>
   <div class='ocr_carea' id='block_1_9' title="bbox 0 0 1478 4830">
    <p class='ocr_par' dir='ltr' id='par_1_15' title="bbox 0 0 1478 4830">
     <span class='ocr_line' id='line_1_41' title="bbox 0 0 1478 4830; baseline 0 3"><span class='ocrx_word' id='word_1_326' title='bbox 0 0 1478 4830; x_wconf 95' lang='lat' dir='ltr'> </span> 
     </span>
    </p>
   </div>
  </div>
 </body>
</html>
