2946 4830
720 296 760 355 27

178 454 448 541 διατελοῦμεν
468 453 525 523 καί
538 453 620 534 τοὺς
633 452 757 534 πόνους
769 455 852 533 τούς
874 448 1028 542 ἀλλήλων
1049 450 1105 520 καὶ
1125 451 1183 542 τὴν
1201 452 1306 543 φυγὴν

175 555 231 627 καί
244 555 299 646 τὴν
319 552 453 644 ἐρημίαν
468 554 528 647 την
542 553 700 644 ἡμετέραν
721 550 839 635 αὐτῶν,
864 553 919 623 κοί
938 547 1031 620 ταῦτ’
1055 547 1171 620 οὐδένα
1191 548 1307 635 χρόνον

176 657 197 722 d
203 653 390 725 ιε’λειπεν
396 683 408 737 ,·
430 668 526 747 atque
547 660 581 724 in
605 652 716 725 eodem
739 661 847 726 statim
864 666 1054 744 argumento
1068 659 1089 738 ξ
1103 659 1143 722 28
1160 656 1306 742 pergitur

174 761 230 822 νῦν
252 754 288 823 δὲ
309 755 583 839 raxolanorum
606 761 671 821 τῶν
693 754 727 822 ἕν
747 761 786 847 τῇ
806 752 971 844 θεραπείᾳ
999 751 1055 820 καί
1077 748 1307 836 δυσχερέστατα

173 855 229 926 καί
249 853 374 936 πόνους
393 851 610 944 ἀηδεστάτους
624 852 738 938 iborae
755 882 783 922 κ.
800 861 949 944 πλείστης
962 853 1144 940 ἐπιμελείας
1161 845 1305 940 eqeb?

174 951 236 1024 οὐκ
258 951 416 1047 εὖδιήγηδ
441 953 539 1027 ε’στίυ.
572 960 621 1024 Ac
641 982 682 1025 ne
704 959 738 1023 in
759 958 815 1024 illa
837 958 968 1047 quidem
991 957 1031 1021 dc
1054 978 1135 1043 paee
1150 956 1305 1039 oratione,

173 1062 267 1148 cujus
278 1059 505 1147 paragraphus
518 1067 640 1127 41—50
653 1059 744 1146 ipsas
758 1058 938 1146 Dionysius
954 1056 1048 1122 affert
1061 1063 1306 1142 comparaturus

149 1172 153 1180 '
178 1160 356 1252 Isocratem
369 1182 441 1224 cum
454 1158 671 1224 Demosthene
690 1158 812 1238 deesse,
829 1180 999 1246 quaecum
1016 1157 1129 1244 paucis
1145 1156 1307 1243 potuerint

173 1261 281 1326 offerri
302 1259 439 1325 verbose
461 1259 682 1347 producantur
704 1280 744 1324 ac
761 1257 936 1323 dilatentur
951 1258 1024 1345 ipse
1039 1255 1092 1321 ille
1108 1256 1307 1341 argumentis

173 1359 400 1447 comprobavit
420 1381 594 1447 eorumque
613 1357 868 1423 breviandorum
890 1359 1050 1423 rationem
1071 1355 1252 1444 proposuit.
1265 1355 1287 1431 ¹)

258 1459 351 1542 Quae
372 1468 479 1525 autem
495 1460 817 1524 commemoravimus
841 1458 1002 1545 exempla,
1025 1456 1141 1545 quibus
1162 1454 1256 1542 plura
1273 1455 1307 1518 in

172 1581 366 1648 unaquaque
387 1559 454 1624 fere
476 1559 597 1646 pagina
609 1557 705 1623 facile
720 1557 1015 1645 deprehenduntur,
1030 1556 1214 1644 ‘alienum
1237 1577 1308 1619 esse

173 1659 216 1724 ab
246 1659 390 1726 Isocrate
418 1657 604 1724 breviter
631 1657 711 1722 illud
742 1668 773 1722 et
794 1659 958 1722 concise
986 1654 1307 1722 exhibendarum

174 1760 467 1825 sententiarum
483 1757 656 1823 studium
672 1758 794 1822 affatim
810 1756 990 1823 ostendunt.
1012 1756 1221 1843 Quapropter
1236 1755 1307 1819 fieri
1374 1809 1376 1813 .

172 1883 238 1924 uon
253 1869 368 1946 potest
391 1859 469 1946 quin
489 1859 548 1924 toti
570 1859 786 1923 assentiamur
800 1858 961 1944 Dionysio
983 1857 1045 1922 hac
1060 1856 1147 1921 dere
1161 1856 1307 1944 professo

172 1958 267 2024 haec:
290 1952 308 2044 ἡ
331 1954 420 2036 λέξις
440 1952 461 2042 ἡ
483 1950 687 2041 Ἰσοκράτους
709 1951 892 2042 στρογγύλη
914 1948 981 2022 οὐκ
1007 1950 1090 2019 ἔστιν
1116 1953 1172 2021 καί
1197 1976 1308 2039 συγκε-

171 2053 347 2146 κροτημένη
371 2056 522 2141 καὶπρὸς
544 2051 673 2144 ἀγῶνας
687 2056 879 2134 δικανικοὺς
900 2054 1047 2133 εὔθετος·
1068 2050 1168 2120 ὑπτία
1189 2047 1217 2120 δ
1242 2052 1308 2120 ἐστι

169 2156 299 2238 μᾶλλον
320 2155 376 2223 καὶ
396 2155 545 2244 κεχυμένη
572 2154 740 2235 πλουσίως
768 2151 850 2223 οὐδὲ
878 2154 916 2245 δὴ
946 2149 1113 2239 ου’ντσμος
1139 2149 1226 2220 ἀλλὰ
1254 2153 1308 2222 καί

172 2257 375 2344 κατασκελὴς
395 2257 451 2325 καὶ
472 2256 651 2344 βραδυτέρα
671 2261 730 2324 τοῦ
750 2260 892 2344 μετρίου.

257 2360 322 2426 Sed
345 2360 515 2426 alterum
537 2362 635 2426 etiam
655 2360 779 2440 vitium,
800 2360 886 2448 quod
907 2352 1138 2443 κακόζηλον
1153 2357 1307 2440 Graeci³)

173 2471 302 2544 vocant,
325 2460 459 2527 dictioni
474 2460 597 2548 probae
605 2463 779 2548 justaeque
795 2468 906 2525 notum
927 2468 977 2525 est
998 2458 1137 2540 obstare,
1159 2467 1308 2525 exortum
1390 2514 1391 2519 ,

172 2559 254 2626 illud
276 2562 410 2626 enimio
434 2560 575 2649 quodam
598 2560 746 2625 omnibus
768 2559 902 2626 floribus
925 2557 1134 2624 exornandae
1151 2560 1306 2624 orationis

176 2661 292 2727 studio.
326 2661 423 2741 Quod
434 2661 521 2725 idem
531 2660 711 2748 Dionysius
726 2658 934 2746 reprehendit
955 2661 987 2723 in
1009 2659 1165 2739 Isocrate,
1187 2659 1308 2746 quippe

173 2763 229 2850 qui
249 2761 384 2827 floridae
407 2784 446 2826 ac
470 2760 637 2826 theatralis
666 2761 854 2825 elocutionis
882 2760 1125 2825 amantissimus
1149 2781 1168 2823 a
1192 2758 1307 2823 decoro

173 2861 261 2929 haud
284 2885 359 2927 raro
388 2860 517 2926 aberret
537 2861 710 2946 magnifico
739 2858 793 2924 ille
820 2868 937 2926 ornatu
964 2880 1200 2947 numerosaque
1225 2880 1307 2923 com·

175 2963 334 3048 positione
356 2983 421 3026 non
441 2983 498 3026 suo
520 2983 618 3048 saepe
639 2960 709 3025 loco
730 2961 851 3038 usus.⁴)

256 3062 364 3148 Atque
386 3084 425 3126 ea
446 3060 576 3147 quidem
596 3061 791 3149 vituperatio
814 3058 857 3125 ad
883 3059 1020 3125 alterum
1042 3059 1139 3148 hujus
1160 3058 1307 3147 opusculi

174 3172 272 3250 caput
294 3161 491 3227 descendere
513 3163 608 3248 cogit,
630 3184 691 3247 quo
714 3161 898 3249 quaerimus

241 3365 266 3431 1)
284 3365 319 3418 de
336 3363 416 3417 Dem.
436 3363 463 3416 vi
481 3363 534 3416 dic.
552 3362 623 3416 adm.
642 3381 668 3434 p.
689 3364 863 3417 1008-1015.

238 3449 264 3515 2)
282 3452 316 3503 de
333 3448 416 3503 Isoer.
435 3467 462 3519 p.
480 3450 537 3501 538.

235 3536 261 3601 3)
279 3534 400 3588 Demetr.
418 3534 452 3586 de
476 3532 632 3587 elocutione
649 3536 673 3597 ξ.
697 3535 753 3586 186.
788 3531 872 3585 Idem'
889 3531 986 3586 vitium
1004 3532 1167 3586 Aristoteles
1190 3530 1258 3585 dicit
1274 3516 1309 3584 τό

166 3612 280 3689 ψυχρὸν
303 3620 387 3691 idque
408 3617 537 3672 exsistere
558 3619 640 3671 docet
663 3617 754 3684 (Rhet.
773 3615 829 3680 111,
853 3618 879 3683 3)
902 3635 936 3671 ex
958 3634 1008 3670 usu
1035 3617 1205 3687 poeticorum
1227 3622 1310 3686 atque

167 3703 344 3758 insolensium
355 3703 633 3774 compositorum,
649 3702 806 3773 ineptorum
818 3709 848 3755 et
859 3700 1060 3755 cumulatorum
1072 3701 1309 3774 epithetorum‚

167 3790 400 3844 incommodarum
414 3786 578 3860 longiusque
592 3787 738 3840 ascitarum
755 3785 1023 3841 translationum
1041 3817 1074 3827 -
1091 3787 1119 3839 in
1137 3786 1236 3859 quibus
1255 3804 1310 3838 om·

166 3875 246 3928 nibus
273 3872 433 3928 adhibendis
464 3872 613 3927 Isocratem
647 3871 698 3925 sibi
725 3878 891 3943 temperasse
918 3871 1018 3943 partim
1048 3871 1205 3943 exposuisse
1231 3870 1311 3924 nobis

168 3957 294 4011 videmur
311 3957 411 4029 partim
424 3957 484 4028 jam
501 3975 559 4011 ease
579 3958 811 4011 demonstraturos
825 3974 875 4010 nos
892 3974 1040 4028 speramus.

237 4043 264 4106 4)
283 4044 317 4095 de
334 4041 413 4098 Dem.
431 4041 466 4094 vi.
484 4041 535 4096 dic.
556 4061 582 4112 p.
604 4044 675 4094 1007.
694 4042 722 4093 8:
740 4032 776 4094 od
795 4038 827 4094 δὲ
845 4042 880 4110 δὴ
897 4044 952 4094 τοῦ
968 4037 1136 4112 πρέποντος
1152 4035 1186 4095 ἐν
1204 4028 1311 4094 ἅπασιν

167 4118 360 4194 ἐπιτυγχάνει.
386 4115 517 4197 ἀνθηρὰν
545 4122 577 4180 δὲ
599 4125 650 4179 καί
670 4126 831 4196 θεατρικὴν
858 4119 892 4179 ἐκ
913 4117 1024 4189 παντὸς
1050 4116 1141 4190 ἀξιῶν
1163 4116 1311 4193 εἶναιτὴν

167 4199 321 4263 διάλεκτον
340 4196 379 4272 οἷς
397 4212 448 4279 τῆς
467 4196 570 4279 ἡδονῆς
589 4197 666 4264 δίκαν
683 4200 805 4278 ἐχούσης
824 4203 858 4263 ἐν
875 4201 976 4278 λόγοις
998 4201 1033 4264 κδ
1049 4202 1171 4280 κράτος,
1189 4199 1310 4262 'droam

132 4317 136 4323 -
167 4292 253 4346 πεταί
269 4309 342 4347 ποτε
361 4297 415 4347 τοῦ
431 4291 608 4364 πρέποντος,
626 4285 678 4362 οὐχ
699 4281 812 4347 ἅπαντα
831 4290 865 4348 δέ
883 4311 917 4361 γε
938 4286 976 4348 τὰ
986 4287 1143 4363 πράγματα
1160 4296 1213 4364 τὴν
1223 4282 1313 4361 αὐτὴν

164 4367 285 4433 ἀπαιτεῖ
313 4369 475 4435 διάλεκτον·
501 4369 566 4437 ἀλλ’
592 4373 673 4433 ἐστιν
692 4366 792 4449 ὥσπερ
815 4372 931 4451 σώμασι
963 4371 1119 4449 πρέπουσά
1146 4394 1191 4442 τις
1213 4374 1312 4445 ἐσθὴς,
