2946 4830
690 256 729 325 33

144 420 340 504 negaverim.
377 418 474 501 Quod
496 425 578 488 enim
594 425 653 508 XI,
669 431 702 492 31
722 428 849 492 Busiris
860 427 967 491 Nilum
983 437 1088 494 terrae
1105 428 1274 497 circumfu-

144 518 231 582 disse
245 519 363 584 dieitur
377 521 480 586 hisce:
502 520 559 588 τὸν
575 524 692 589 Νεῖλον
714 527 789 609 περὶ
808 524 866 615 τὴν
884 523 990 608 χώραν
1011 526 1275 615 περιέρρηξεν

144 616 255 684 durior
274 618 355 685 haec
376 623 566 710 metaphora
588 625 715 691 videtur
738 650 818 705 esse,
841 628 898 692 sed
919 627 953 691 id
973 651 1074 714 genus
1097 632 1178 694 vitia
1201 654 1273 695 eum

144 720 208 785 sint
225 743 361 806 perrara
375 745 478 808 neque
492 723 591 788 ullum
607 729 736 791 omnino
752 729 815 792 nisi
829 726 890 792 hoe
904 727 998 792 nobis
1015 744 1156 815 praesto,
1178 730 1274 794 facile

144 821 295 907 scriptori
315 845 408 887 nemo
428 846 493 889 non
514 825 661 909 ignoscit.
685 863 724 872 -

219 921 696 991 Continuatistranslationibus
705 929 844 991 existere
853 928 1274 1008 constatinversionem‚

142 1044 239 1108 quam
260 1013 459 1107 όλληγσρίαν
482 1023 601 1089 Graeci
623 1036 749 1110 vocant,
781 1050 863 1114 quae
883 1050 966 1113 pura
988 1027 1076 1114 apud
1097 1028 1274 1094 Isocratem

141 1144 317 1206 nusquam,
349 1124 471 1209 apertis
504 1127 666 1210 permixta
633 1124 744 1190 this
775 1126 857 1192 loeis
888 1128 1063 1212 reperitur:
1089 1128 1120 1206 I,
1151 1136 1169 1196 6
1199 1123 1273 1190 όσοι

140 1243 199 1286 τον
186 1215 295 1303 βίον
314 1219 432 1309 ταύτην
452 1220 512 1308 την
534 1220 630 1288 ὁδὸν
658 1218 958 1311 ἐπορεόθηόαν,
989 1213 1078 1290 οὗτοι
1099 1224 1196 1308 μόνοι
1218 1250 1276 1314 της

139 1313 259 1438 α’ρετης
288 1317 513 1406 ἐφικέσθαι
540 1327 676 1410 γνησίως
701 1319 975 1410 ἐόννηθησαν,“
958 1348 997 1408 ης
1026 1321 1119 1389 οὐδὲν
1148 1349 1274 1412 κτημα

140 1417 333 1505 σεμνότερον
354 1448 384 1488 κ.
404 1420 652 1509 βεβαιότερόν’
637 1446 730 1492 εστιν
740 1427 828 1504 —V‚
853 1433 912 1493 104
934 1417 976 1509 ἦν
1004 1419 1150 1507 τοίένομα
1176 1428 1274 1490 τοῦτο

142 1518 386 1611 διασπείρῃς
405 1516 450 1600 είς
470 1523 528 1613 τὴν
542 1517 670 1601 Ἀσίαν,
697 1520 779 1609 ὅπερ
802 1518 849 1601 είς
869 1521 1122 1611 τοόςἝλληνας
1139 1519 1274 1590 εἰσπε-

138 1619 209 1686 σόν
228 1623 283 1687 καὶ
304 1621 361 1712 την
385 1619 540 1712 ἡμετέραν
568 1623 625 1691 καί
645 1623 704 1714 τῂν
728 1621 1011 1706 Λακεδαιμονίων
1030 1619 1132 1712 ιῖρχὴν
1159 1624 1274 1690 κατέ-

140 1721 267 1790 λυσεν.
279 1762 317 1771 -
328 1724 384 1805 VI,
397 1731 455 1791 109
467 1719 609 1791 κάλλιόν
619 1722 702 1789 ἐστιν
717 1718 789 1790 όντί
803 1729 926 1812 θνητοῦ
941 1721 1091 1806 στόματος
1103 1718 1275 1813 ἀθάνατον

141 1821 239 1903 δόξαν
261 1817 727 1907 ἀντικαταλλάξασθαι,
751 1822 805 1890 καὶ
826 1829 945 1914 ψυχῆς,
973 1817 1016 1909 ἣν
1046 1819 1110 1904 οὐχ
1132 1821 1275 1907 ἐξομεν

138 1917 263 2008 ὀλίγων
276 1921 362 2004 ἐτῶν,
376 1919 581 2008 πρίασθαι
595 1920 752 2012 τοιαότην
767 1918 934 2003 εόκλειαν,
950 1915 970 1988 ii
983 1921 1091 1989 πάντα
1102 1922 1159 1989 τόν
1172 1919 1276 1989 αἰῶνα

137 2027 207 2101 τοῖς
233 2021 270 2104 ἐξ
295 2020 389 2108 ἡμῶν
414 2023 595 2109 γινομένοις
619 2029 855 2112 παραμενεῖ.
880 2065 921 2074 -
948 2027 1020 2108 VH,
1050 2034 1087 2095 18
1113 2028 1186 2102 πῶς
1211 2023 1272 2111 χρὴ

137 2122 253 2212 ταύτην
282 2122 339 2212 την
367 2121 530 2192 πολιτείαν
563 2125 709 2193 ἐπαινεῖν
728 2125 786 2216 την
801 2118 859 2190 mia*
873 2119 957 2191 καθ’
982 2125 1117 2192 ἕκαστον
1136 2121 1190 2191 τὸν
1211 2122 1273 2190 ἐνι-

139 2222 239 2292 αυτὸν
266 2222 323 2290 ἐπί
343 2224 379 2292 τό
400 2229 508 2345 γεῖρον
531 2224 778 2345 φερομένηνς
809 2231 882 2304 πῶς
910 2220 943 2290 δ’
978 2220 1015 2291 οό
1040 2223 1100 2316 χρὴ
1129 2224 1275 2292 δεδιέναι
1313 2238 1319 2253 ·

137 2324 183 2414 μὴ
211 2320 258 2403 είς
286 2322 508 2411 τραχύτερα
530 2323 708 2411 πράγματα
740 2327 926 2406 ἐξοκείλω
931 2350 1019 2409 μεν,·
1041 2365 1082 2374 -
1102 2327 1182 2410 XV,
1214 2332 1273 2394 320

47 2488 57 2506 ,
138 2419 221 2492 ἄλλα
252 2424 314 2510 γὰρ
342 2421 550 2508 αἰσθάνομαι
570 2431 689 2511 καίπερ
711 2422 777 2493 όπό
805 2451 863 2511 της
886 2419 987 2544 όργης
1014 2429 1071 2514 βίᾳ
1099 2420 1273 2514 φερόμε-

138 2525 282 2605 νος,τό
307 2524 363 2610 μέν
383 2523 530 2611 ὕδωρ
511 2531 599 2612 ημᾶς
620 2515 870 2643 ἐπιλεῖπον,
882 2519 983 2602 αὐτὸς
1001 2520 1274 2607 ἐμπεπτωκὼς

138 2619 186 2703 είς
208 2622 362 2710 λόγους
345 2633 529 2712 ημερεσίονς
550 2653 606 2692 και
618 2650 820 2714 κατηγοριας
847 2620 1030 2708 ὑπερβὰς
1052 2615 1112 2690 οὖν
1133 2647 1171 2688 το
1160 2622 1274 2712 πλη-

138 2731 203 2802 θος
223 2731 287 2790 τῶν
305 2736 482 2814 συμφορῶν
494 2732 561 2791 τῶν
576 2726 631 2793 διὰ
650 2724 790 2844 τοότρνς
802 2722 1030 2811 γεγενημένων,
1045 2722 1101 2790 καί
1124 2723 1273 2789 διωσά-

136 2850 257 2909 μενος
277 2825 335 2893 τόν
358 2820 456 2907 όχλον
476 2852 536 2892 των
558 2825 699 2896 ἐνόντων
721 2821 821 2892 εἰπεῖν
848 2822 922 2909 περὶ
942 2848 1000 2912 της
1027 2819 1152 2889 τούτων
1174 2845 1273 2887 σνκο-

138 2930 287 3014 φαντίας,
325 2952 454 3014 μικρων
490 2923 544 2994 ἔτι
567 2924 656 2994 ποίνν
677 2925 839 3014 μνησθείς
872 2919 932 3014 ἤδη
967 2919 1186 3048 καταλύσω
1214 2921 1273 2989 τόν
1311 3003 1313 3007 .

139 3026 245 3111 λόγον.

218 3129 258 3193 In
278 3152 315 3194 eo
339 3131 530 3196 inversionis
552 3153 679 3215 genere,
706 3153 768 3217 quo
791 3129 955 3194 contraria
977 3124 1197 3205 ostenduntur,
1222 3133 1271 3188 est

138 3231 269 3294 ironia
296 3252 353 3293 seu
378 3230 530 3309 illusi0,'
522 3232 640 3312 1rrisi0,
668 3253 731 3317 quo
754 3229 919 3316 quidemt
920 3249 1002 3313 ropo
1023 3226 1185 3291 Isocrates
1206 3245 1272 3287 non

137 3330 265 3394 videtur
292 3352 362 3393 esse
385 3353 460 3394 usus
482 3332 546 3394 nisi
565 3330 642 3407 VII,
673 3336 727 3396 67:
757 3329 867 3394 dicens
897 3319 984 3390 ἀλλὰ
1012 3321 1076 3406 μὴν
1105 3315 1187 3387 οόδέ
1212 3345 1272 3406 την
1256 3345 1281 3383 ν·

137 3423 347 3513 πραότητα
371 3426 546 3504 δικαίως”
526 3452 564 3492 αν
585 3453 632 3505 τις
653 3423 837 3492 ἐπαινέσειε
866 3424 921 3513 την
943 3422 1070 3490 ἐκείνων
1090 3413 1272 3504 μᾶλλον”
1250 3447 1268 3505 η

136 3527 198 3613 τὴν
209 3532 268 3594 τοῦ
281 3528 396 3616 τλήμονι
412 3530 459 3593 ibi
471 3531 556 3594 enim
567 3531 703 3615 triginta
713 3539 926 3616 tyrannorum
941 3535 1085 3591 nontam
1101 3523 1271 3589 elementia

138 3653 233 3715 quam
261 3629 434 3695 crudelitas
462 3628 627 3715 carpenda
658 3630 720 3694 fuit
752 3650 854 3715 eaque
881 3626 987 3691 illusio
1020 3647 1057 3688 eo
1090 3631 1139 3687 est
1166 3624 1271 3708 aptior

138 3730 224 3817 quod
253 3753 293 3794 ne
325 3725 356 3805 ,ὁ
386 3729 500 3812 δῆμος(
535 3728 664 3815 quidem
695 3737 764 3793 erat
798 3729 920 3808 πρᾶοςε
959 3746 1059 3813 quare
1086 3722 1188 3786 verba
1216 3720 1272 3785 illa

137 3829 322 3912 μᾶλλον-
346 3823 465 3913 δόμοι,
495 3851 577 3914 quae
599 3827 743 3892 nonnulli
775 3827 914 3892 editores
935 3824 1117 3889 habuerunt
1134 3819 1270 3898 inutilia,

139 3929 239 3993 deleri
260 3930 297 3993 R.
321 3930 562 3994 Rauchenstein
583 3926 666 3991 bene
686 3927 797 3992 noluit.
842 3926 902 3992 Oui
929 3937 1024 4010 tropo
1052 3941 1271 4006 oxymoron

137 4028 217 4094 illud
237 4029 461 4115 adjungamus,
485 4027 570 4114 quod
592 4026 710 4113 legitur
731 4025 821 4109 VIII,
838 4032 893 4094 87:
916 4018 1060 4109 ἐφοίτων
1077 4012 1114 4083 οό
1138 4035 1271 4101 συμπεν-

137 4124 299 4212 θήσοντες
333 4126 410 4204 τοὺς
448 4130 644 4206 τεθνεῶτας,
682 4117 766 4189 όλλά
802 4116 1164 4210 συνησθησόμενοι
1202 4119 1272 4192 ταῖς

136 4223 306 4312 ἡμετέραις
335 4229 527 4314 συμφοραῖς,
561 4251 658 4316 quam
689 4225 898 4290 acerbitatem
935 4225 1083 4287 restituto
1113 4219 1271 4283 librorum

137 4331 191 4396 illo
220 4324 561 4415 ἕφησθησόμενοι
590 4326 744 4392 Benseler
772 4324 858 4413 quod
881 4322 1094 4474 sustulerit3a
1121 4319 1271 4405 Kaysero
