2946 4830
256 1224 331 1288 Jam
350 1222 491 1307 primum
512 1219 719 1284 statuendum
741 1228 790 1282 est
805 1217 943 1282 Isocrati
957 1227 1105 1281 naturam
1122 1215 1309 1302 praeclaras

176 1345 229 1386 eas
262 1323 363 1387 animi
396 1320 487 1384 dotes
522 1318 639 1406 quibus
663 1318 875 1382 Athenienses
910 1318 997 1380 cives
1028 1316 1205 1380 floruerunt
1238 1337 1310 1380 esse

174 1420 340 1506 largitam:
354 1418 524 1486 sublimem
535 1416 625 1482 illum
636 1416 761 1503 pulchri
775 1440 814 1481 ac
827 1418 955 1481 venusti
966 1439 1094 1480 sensum
1108 1416 1139 1496 ¹),
1155 1415 1309 1479 eximium

173 1519 278 1585 laudis
293 1520 482 1606 gloriaeque
501 1540 654 1599 amorem,
670 1516 786 1597 nobile
792 1517 918 1603 patriae
933 1524 965 1580 et
982 1514 1186 1603 publicarum
1201 1537 1308 1578 rerum

175 1618 324 1703 studium.
335 1621 360 1699 ί)
404 1617 510 1699 Quam
530 1618 696 1704 egregiam
716 1616 855 1681 indolem
878 1617 1028 1702 quoniam
1044 1613 1187 1680 excoluit
1205 1614 1308 1679 Theo-

173 1716 246 1797 dori
267 1719 370 1804 patris
393 1739 470 1783 cura
491 1716 635 1782 liberalis
646 1719 669 1797 3)
699 1718 957 1803 optimorumque
980 1716 1040 1802 qui
1062 1723 1131 1795 tum
1153 1713 1309 1798 vigebant

176 1818 367 1883 auctoritate
398 1818 542 1883 virorum
571 1815 768 1882 consuetudo
792 1826 888 1903 atque
920 1815 1080 1879 institutio
1091 1815 1126 1897 ⁴¹),
1157 1813 1240 1878 bene
1268 1813 1309 1878 de

174 1915 228 1980 illo
237 1916 442 1983 adulescente
455 1939 587 2004 sperare
599 1917 704 2004 potuit
713 1918 812 1981 etiam
821 1916 1115 2002 Socrates⁵)‚quem
1125 1916 1231 1993 virum
1238 1913 1308 1979 illu·

174 2025 270 2081 strem
278 2038 350 2082 cum
362 2016 525 2084 hominum
532 2018 657 2081 animos
670 2017 903 2104 atqueingenia
912 2038 1010 2079 unum
1019 2015 1158 2079 omnium
1167 2015 1308 2079 maxime

171 2117 379 2203 perspexisse
396 2126 531 2199 constat,
545 2125 612 2181 tum
626 2139 691 2180 non
708 2117 815 2181 forma
829 2117 960 2204 juvenis
977 2124 1143 2201 tamquam
1157 2115 1309 2199 generosi

171 2217 271 2281 animi
291 2215 400 2281 indice
422 2214 615 2303 perductum
637 2215 741 2281 obiter
754 2219 778 2294 6)
803 2216 860 2280 sed
881 2217 978 2280 certis
994 2214 1192 2301 quibusdam
1213 2237 1308 2279 usum

170 2312 371 2381 documentis
378 2318 400 2394 l)
419 2324 487 2381 tam
502 2315 671 2402 praeclare
683 2324 879 2403 auguratum
896 2338 968 2381 esse
980 2314 1184 2380 crediderim.
1212 2313 1307 2378 Diffi-

171 2415 263 2480 cilior
287 2415 329 2480 ad
351 2415 596 2502 dijudicandum
619 2424 668 2481 est
688 2416 841 2480 Isocratis
871 2438 943 2480 cum
972 2417 1044 2503 ipso
1066 2414 1203 2478 Platone
1222 2416 1307 2479 ratio

172 2537 211 2579 ac
232 2514 426 2581 refellendus
449 2515 597 2604 quidem,
627 2517 753 2602 opinor,
775 2517 880 2602 primo
908 2515 978 2579 loco
1001 2514 1116 2580 Cicero
1127 2517 1166 2592 8),
1191 2513 1307 2599 quide

171 2613 297 2678 seniore
308 2616 332 2693 9)
349 2615 494 2680 Isocrate
520 2613 691 2679 Platonem
719 2614 886 2699 aequalem
915 2613 995 2678 illud
1024 2615 1196 2698 scripsisse
1223 2613 1306 2679 male

136 2740 139 2746 ’
169 2714 303 2788 censuit,
327 2735 399 2779 cum
420 2716 504 2780 inter
518 2724 706 2800 utrumque,
730 2713 806 2778 olim
821 2737 900 2779 sane
916 2715 1044 2790 amicos,
1066 2715 1170 2800 majus
1195 2713 1306 2798 paula-

167 2813 225 2876 tim
246 2813 466 2880 intercesserit
488 2814 661 2880 discrimen
689 2837 729 2879 ec
751 2813 940 2893 discidium,
971 2836 1068 2901 quam
1090 2822 1125 2876 ut
1146 2812 1240 2877 Plato
1265 2813 1305 2878 de

166 2913 310 2978 Isocrate
331 2921 398 2979 tam
412 2913 570 2981 benevole
590 2923 622 2979 et
636 2915 707 3001 ipse
721 2915 865 3000 cogitare
879 2925 911 2979 et
926 2915 1093 2980 Socratem
1106 2911 1307 3005 judicantem

325 3086 378 3094 --

235 3180 261 3246 1)
279 3179 343 3234 vide
360 3179 444 3234 Isocr.
462 3196 501 3234 or.
511 3179 549 3248 X,
567 3182 600 3233 54
618 3176 745 3248 (κάλλος)
767 3169 784 3235 t
801 3171 983 3248 σεμνότατον
999 3179 1050 3233 καί
1061 3171 1242 3246 τιμιώτατον
1258 3179 1308 3233 καὶ

167 3254 324 3318 θειότατον
341 3266 402 3317 τῶν
420 3255 515 3319 ὄντων
532 3257 621 3318 ἐστίν.
679 3273 683 3284 ’

236 3347 261 3413 2)
278 3347 342 3402 vide
359 3345 431 3401 infra
449 3366 475 3418 p.
494 3352 509 3401 9
527 3367 587 3420 sqq.

236 3431 261 3497 3)
279 3431 313 3484 Is.
337 3431 402 3498 XV,
422 3434 485 3484 161:
509 3419 637 3501 ὅπατὴρ
654 3419 727 3500 ἡμᾶς
755 3418 849 3494 οὕτως
872 3427 1021 3498 ἐπιμελῶς
1038 3424 1212 3485 ἐπαίδευσεν
1234 3419 1308 3485 ὥστ’

166 3509 399 3586 ἐπιφανέστερον
416 3506 492 3569 είναί
508 3532 546 3582 με
564 3508 634 3569 τότε
650 3517 700 3569 καί
717 3508 948 3586 γνωριμώτερον
964 3513 998 3568 ἐν
1013 3521 1077 3578 τοῖς
1095 3503 1269 3582 ἡλικιώταις.

230 3595 258 3664 ’4)
276 3597 371 3653 Pfund
389 3600 442 3666 „de
459 3599 587 3654 Isocratis
605 3599 661 3653 vita
679 3608 708 3653 et
725 3599 853 3669 scriptis“
872 3599 967 3653 Berol.
987 3602 1050 3652 1833
1069 3616 1095 3667 p.
1114 3603 1138 3652 8.
1157 3603 1181 3652 9.

233 3684 259 3747 5)
277 3681 351 3734 Plat.
372 3682 489 3737 Phaedr.
514 3702 540 3753 p.
564 3686 612 3736 279
631 3684 668 3736 A:
691 3685 778 3737 δοκεῖ
795 3701 847 3750 μοι
866 3677 994 3749 ἀμείνων
1016 3673 1033 3751 ἢ
1053 3675 1129 3736 κατὰ
1150 3676 1309 3754 τοὺςτιερί

165 3766 279 3819 Λυσίαν
295 3758 369 3821 εἶναι
381 3767 488 3835 λόγους
500 3759 537 3820 τοί
549 3767 600 3833 τῆς
611 3758 736 3834 φύσεως,
748 3759 793 3821 ἔτι
804 3764 837 3821 δὲ
850 3759 917 3836 ἤθει
930 3763 1132 3837 γεννικοιτὲρῳ
1143 3768 1307 3838 κεκρᾶσθαι

166 3879 199 3887 -
216 3843 304 3918 φύσει
320 3844 385 3920 γὰρ,
405 3839 429 3903 ὦ
445 3850 522 3919 φίλε,
540 3843 636 3904 ἔνεστί
654 3867 699 3913 τις
715 3852 877 3919 φιλοσοφία
896 3854 931 3919 τῇ
948 3854 1001 3904 τοῦ
1019 3842 1124 3920 ἀνδρὸς
1141 3851 1265 3926 διανοίᾳ.

233 3935 260 4001 6)
280 3941 311 3987 ut
328 3934 416 3988 voluit
428 3934 540 4006 Sauppe
555 3935 694 4000 ‚Zeitschn
711 3937 758 3990 fiir
769 3935 1103 3989 Alterthumswisscnsch!
1122 3937 1185 3988 1835
1204 3954 1231 4005 p.
1249 3938 1308 3988 403.

234 4019 260 4084 Ἰ)
277 4017 307 4072 id
324 4019 399 4089 quod
416 4018 523 4073 videtur
540 4019 628 4075 inesse
648 4020 748 4075 additis
766 4018 952 4074 illis'vocibus
969 4010 1024 4083 ,οἷς
1041 4022 1092 4072 νῦν
1110 4015 1270 4089 ἐπιχειρεῖ.6

235 4102 260 4169 8)
280 4109 348 4155 orat.
367 4105 407 4170 13,
425 4107 470 4157 42.

234 4186 397 4260 9)‘Egregie
422 4187 521 4242 falsum
544 4206 602 4244 esse
624 4189 839 4245 Rauchenstein.
862 4206 996 4260 „ausgem
1017 4187 1113 4242 Reden
1136 4188 1183 4241 des
1206 4187 1308 4242 lsocr.“

168 4269 304 4324 dicentem
323 4271 403 4324 illum
421 4292 448 4342 p.
466 4276 490 4337 3,
508 4273 571 4326 adn.
590 4275 648 4336 ,der
666 4273 842 4345 Comparativ
860 4272 895 4326 ist
912 4273 1021 4344 beziigl.
1039 4274 1091 4325 auf
1100 4272 1181 4326 Plato
1200 4281 1306 4344 gesagt‚

166 4354 215 4408 der
232 4357 282 4408 430
294 4356 416 4428 geboren
429 4359 445 4410 6
458 4357 543 4415 dahre
556 4356 661 4428 jtinger
673 4377 728 4410 war
746 4358 785 4411 als
800 4358 892 4411 Isocr.‘
911 4374 966 4410 non
985 4357 1113 4429 estquod
1135 4356 1307 4427 explanetur.
