2946 4830
719 283 754 345 13

246 445 297 510 Ao
324 445 482 511 rationem
510 444 640 528 quidem
671 445 859 530 disputandi
885 443 1130 530 ingrediendam
1159 444 1299 508 ostendit

166 545 204 610 F.
216 544 343 627 Blass,
357 546 414 630 qui
421 544 582 630 Dionysio
590 544 875 610 Halicarnassensi
886 543 968 607 duce
977 543 1138 628 Lysiacae
1147 542 1297 607 dictionis
1333 596 1335 602 .

121 632 125 639 ¹
166 642 411 708 adumbrandae
437 643 616 730 periculum
643 645 729 710 fecit.
743 646 764 724 1)
808 643 955 729 Namque
974 643 1171 728 Dionysium
1192 643 1299 706 virum

165 741 256 806 illum
275 743 422 807 criticum
444 744 629 829 ingeniique
652 745 800 818 acumine
814 766 879 808 non
898 742 1086 806 destitutum
1101 740 1141 805 de
1155 741 1299 806 Isocrate

165 865 232 908 non
254 841 355 908 solum
376 841 574 928 singularem
595 846 816 931 composuisse
838 841 998 925 libellum,
1027 841 1084 906 sed
1106 840 1179 905 aliis
1202 845 1298 905 etiam

169 941 306 1008 aliorum
342 942 534 1029 scriptorum
569 942 649 1008 locis
690 965 923 1031 saepenumero
954 943 1070 1007 fecisse
1105 942 1299 1006 mentionem

170 1041 365 1128 gaudemus;
393 1044 484 1130 cujus
506 1044 651 1127 generali
673 1043 714 1108 de
735 1043 822 1108 illius
845 1042 974 1107 dicendi
995 1065 1113 1126 genere
1135 1063 1174 1105 ac
1195 1041 1299 1126 digni-

171 1150 238 1206 tate
258 1141 415 1206 sententia
435 1141 539 1207 relata
562 1141 603 1206 de
625 1143 761 1228 singulis
783 1143 962 1209 videamus.
1062 1155 1063 1160 ’

254 1240 449 1328 Dionysium
468 1251 590 1305 notum
620 1252 670 1306 est
696 1245 760 1307 tria
792 1243 989 1327 distinguere
1016 1241 1146 1306 dicendi
1171 1264 1301 1328 genera,

170 1339 313 1421 sublime,
335 1351 442 1418 tenue,
472 1341 614 1408 medium
635 1337 704 1419 (τὸν
727 1335 864 1426 ὑψηλὸν
886 1337 1022 1405 καὶτὸν
1044 1334 1151 1418 ἰσχνὸν
1171 1337 1302 1404 καὶτὸν

165 1438 284 1520 μεταξύ
315 1434 440 1504 τούτων
469 1443 688 1524 χαρακτῆρα);
727 1465 862 1530 quorum
895 1444 1036 1529 primum
1065 1440 1300 1526 Thucydidem,

166 1540 304 1605 alterum
317 1539 464 1628 Lysiam,
485 1543 616 1606 tertium
639 1542 806 1608 inventum
826 1542 907 1607 illud
927 1541 1152 1628 Theophrasto
1169 1551 1299 1605 auctore

171 1639 451 1730 aThrasymacho
468 1639 697 1722 Chalcedonio,
715 1665 736 1706 a
749 1640 967 1707 Demosthene
988 1642 1176 1727 perfectum,
1199 1641 1299 1756 ephi·

167 1739 310 1826 losophis
331 1739 502 1806 Platonem
523 1740 648 1806 Socrat
625 1751 734 1823 ticum,
767 1764 808 1806 ex
839 1740 1022 1806 oratoribus
1043 1741 1169 1805 Isocrat
1156 1751 1220 1805 tem
1242 1743 1299 1804 im-

169 1840 282 1926 primis
311 1841 492 1906 excoluisse
520 1862 559 1905 ac
588 1864 691 1928 paene
721 1840 900 1906 absolvisse
927 1840 1060 1905 illeta
1011 1849 1060 1904 sta
1062 1842 1152 1905 tuit.2
1153 1840 1299 1920 )Quae

169 1960 290 2024 genera
310 1961 349 2004 ea
369 1942 454 2005 inter
476 1963 511 2005 sc
532 1950 642 2005 censet
664 1943 822 2005 contineri
844 1943 969 2005 ratione
992 1949 1027 2004 ut
1014 1852 1184 2004 tsublinie
1198 1963 1218 2003 a
1235 1962 1299 2003 ser-

169 2039 272 2104 monis
299 2040 455 2105 cotidiani
484 2063 545 2105 usu
571 2039 711 2105 alienum
740 2039 888 2105 omnibus
917 2039 1088 2124 eloquendi
1114 2039 1248 2104 floribus
1269 2051 1301 2103 ct

168 2138 315 2204 artificiis
335 2139 479 2205 abundet
500 2140 665 2226 multaque
687 2140 805 2204 habeat
828 2139 1001 2226 superflua,
1023 2148 1118 2203 tenue
1131 2137 1299 2223 vulgarem

169 2247 267 2325 atque
289 2260 489 2306 communem
517 2240 646 2305 dicendi
675 2239 938 2305 consuetudinem
966 2240 1095 2304 imitans
1120 2237 1161 2302 ab
1184 2248 1300 2303 ornatu

170 2340 311 2406 oratorio
344 2347 445 2405 totum
476 2340 638 2405 abstineat
670 2362 893 2426 summamque
928 2348 1060 2424 expetat
1097 2348 1128 2401 et
1158 2336 1298 2401 brevita-

170 2446 289 2503 temet
315 2442 590 2527 perspicuitatem,
615 2441 749 2503 mixtum
778 2439 917 2523 denique
937 2437 1109 2502 verborum
1138 2439 1299 2502 concinni·

173 2537 250 2602 tatis
271 2538 449 2605 studiosum
471 2563 575 2627 neque
596 2540 691 2627 hujus
714 2537 922 2625 simplicitate
942 2560 1002 2602 nec
1024 2536 1195 2623 splendore
1214 2536 1300 2601 illius

174 2635 271 2723 plane
303 2640 420 2704 careat.
469 2641 519 2704 Ac
548 2639 689 2703 mediam
722 2638 851 2733 quidem
882 2637 966 2702 hanc
997 2637 1169 2701 dictionem
1201 2635 1300 2701 habet

173 2740 493 2822 praestantissimam,
516 2741 635 2826 quippe
663 2760 746 2824 quae
775 2736 923 2824 plurimis
950 2737 1092 2822 gaudeat
1120 2738 1168 2800 int
1155 2735 1299 2801 tervallis

171 2857 359 2923 summaque
392 2848 423 2902 et
410 2839 625 2904 taffectuum
659 2847 691 2902 et
723 2847 911 2902 accentuum
940 2837 1130 2902 varietata.
1131 2836 1300 2916 )Quam
1378 2861 1380 2863 ’

169 2936 339 3002 varietatis
353 2939 556 3025 potissimum
569 2936 699 3002 laudem
715 2960 787 3002 cum
804 2937 949 3019 Isocrati,
965 2958 1061 3022 quem
1076 2946 1183 3000 tamen
1198 2959 1300 3022 genus
1368 2957 1370 2961 ’

169 3037 309 3102 mixtum
330 3038 431 3102 ferme
451 3039 635 3125 perfecisse,
656 3047 692 3102 ut
713 3037 864 3120 vidimus,
892 3035 1050 3118 concedit,
1071 3045 1139 3101 tum
1162 3036 1301 3121 denegat

170 3137 241 3223 ejus
262 3136 441 3225 discipulis,
464 3140 519 3224 qui
549 3161 613 3204 uno
643 3137 819 3224 eodemque
849 3136 976 3223 periodi
1011 3135 1146 3217 circula,
1179 3135 1300 3199 eisdem

173 3257 298 3324 semper
318 3237 442 3322 figuris,
470 3237 582 3303 eadem
603 3236 763 3302 vocalium
790 3236 1008 3322 implicatione
1030 3239 1124 3300 aures
1147 3257 1184 3299 eo
1205 3232 1300 3297 vehe-

172 3338 308 3400 mentius
330 3325 503 3421 offendant,
534 3360 596 3425 quo
618 3339 724 3401 minus
747 3337 780 3401 id
801 3359 903 3422 genus
925 3337 1006 3400 vitia
1027 3333 1145 3417 multis,
1173 3343 1208 3398 ut
1230 3335 1301 3419 ipse

172 3436 336 3521 magister,
363 3437 524 3502 occultent
544 3438 668 3523 gratiis.
711 3437 826 3522 Itaque
854 3435 930 3500 dum
950 3434 1181 3499 Demosthenis
1192 3434 1216 3510 4)
1245 3456 1300 3497 ex·

238 3754 306 3825 l.)p
325 3757 466 3810 390-413.

238 3829 1075 3907 2)deadinir.Dcm0sth.v1drcTomVI‚p.955-59.cf
1094 3838 1166 3889 1000
1185 3835 1302 3908 Compo-

169 3921 297 3977 sitioncm
319 3922 456 3994 triplicem
478 3922 550 3977 idem
568 3922 698 3976 discernit
715 3922 760 3988 (dc
782 3937 870 3991 comp.
891 3923 965 3974 verb
983 3921 1063 3973 Tom.
1081 3920 1116 3984 V,
1132 3940 1159 3991 p.
1179 3924 1236 3988 146)
1255 3940 1301 3974 au-

170 4015 270 4061 steram
289 4009 352 4077 (τὴν
372 4005 427 4072 μὲν
449 3999 603 4076 αὐστηρὰν)
626 4005 697 4077 polit
699 4024 742 4057 am
764 4023 811 4058 sou
833 4005 955 4058 floridam
974 4007 1037 4072 (τὴν
1059 4002 1091 4057 δὲ
1112 3997 1301 4075 γλαφυρὰν”
1286 4026 1302 4073 η

170 4083 311 4163 ἀνθηρὰν)
329 4102 500 4145 communem
517 4110 538 4144 s.
557 4091 674 4144 mediam
692 4091 756 4157 (τὴν
772 4087 805 4142 dl
822 4089 922 4158 τρίτην
937 4089 1038 4155 κοινὴν
1056 4079 1072 4155 ἢ
1089 4084 1181 4156 μέσην
1198 4087 1300 4142 odvia·
1340 4100 1342 4104 ·

168 4177 227 4244 σιν)
246 4193 278 4230 ac
295 4176 398 4247 politae
416 4176 526 4248 quidem
544 4174 647 4228 addicit
666 4175 814 4227 Isocratem
832 4175 869 4242 (p.
889 4174 954 4236 173).

237 4262 262 4329 3)
280 4263 314 4316 de
333 4278 421 4332 comp.
439 4261 514 4314 verb.
531 4278 557 4330 p.
578 4262 633 4313 133.
651 4261 692 4310 34.

236 4344 263 4412 4)
281 4346 315 4399 de
333 4344 427 4398 admir.
445 4345 523 4399 Dent.
542 4344 569 4397 vi
587 4343 639 4396 dic.
657 4362 683 4414 p.
707 4344 845 4396 tort-23.
899 4381 901 4390 ι
