2946 4830
683 245 809 366 [a

219 455 317 503 ντασιν
337 433 480 513 έκλυθῶ,
526 439 582 520 VI,
605 445 643 505 65
667 432 751 502 ob'rw
774 430 805 502 δ’
830 432 1152 519 ἀνωμαλισμένοι
1180 437 1250 514 ταῖς
1270 459 1355 519 συμ-

219 544 338 622 φοραῖς
357 559 449 618 τισιν,
473 538 544 620 VII,
566 544 584 602 5
607 528 664 620 ἐφ’
689 527 747 613 οδς
767 531 909 620 (λόγους)
929 534 983 602 καὶ
1004 533 1117 602 νῦντὸ
1141 539 1204 620 πλῆ
1208 539 1271 614 θος
1289 539 1357 602 τῶν

220 635 364 723 ῥητόρων
386 631 591 723 ε’ῤῥόηκεν,
614 637 653 702 cf.
669 644 718 720 44,
735 637 810 721 XII,
825 644 873 705 95.
896 639 981 718 VIII,
1004 642 1042 704 85
1063 633 1140 714 τοὺς
1160 634 1218 719 μὲν
1239 634 1358 712 ἄλλους

220 734 506 802 συστέλλουσιν
534 736 567 800 αἱ
587 731 758 822 συμφοραί
786 761 814 803 κ.
844 761 869 802 τ.
896 740 923 802 λ.
965 738 1013 822 X,
1042 745 1082 806 34
1112 733 1171 821 οὐχ
1199 729 1356 817 όίρχοντας

220 831 305 902 ιἰλλδ
331 831 529 923 νοσήματα
550 838 614 899 τοῖν
631 833 760 901 πόλεων
774 825 854 901 εἶναι
867 860 895 903 κ.
917 861 943 904 τ.
959 835 998 916 λ.,
1011 836 1086 921 XV,
1108 844 1128 903 4
1148 834 1224 912 τοὺς
1237 833 1357 922 ῥέπον-

218 961 277 1014 ιας
302 934 356 1002 ἐπὶ
386 934 421 1003 τὸ
448 939 636 1014 πείθεσθαι,
661 936 736 1019 ΧΠ,
761 944 798 1002 15
825 932 939 1001 ἐκτῶν
960 933 1156 1018 μετεχόντων
1176 939 1235 1020 τῆς
1255 935 1357 1001 νιολιυ

219 1044 304 1117 τείας
325 1031 442 1103 οόδένα
464 1030 643 1124 ἐξαλείψας,
674 1037 713 1101 cf.
740 1036 833 1119 XXI,
859 1044 887 1104 2.
911 1075 949 1084 -
971 1037 1121 1125 Denique
1147 1060 1212 1103 non
1238 1035 1358 1102 desunt

220 1141 322 1205 verba
344 1161 427 1227 quae
449 1138 643 1203 conveniant
655 1137 841 1202 animatis
860 1137 1019 1203 translata
1031 1137 1087 1202 illa
1100 1137 1208 1202 adres
1230 1136 1356 1201 inani·

219 1263 313 1321 mas,
337 1240 376 1304 cf.
398 1240 421 1314 I,
451 1244 465 1302 1
496 1233 530 1299 τί
537 1258 553 1311 ς
572 1232 632 1316 μὲν
653 1239 717 1298 τῶν
741 1230 879 1322 φαύλων
905 1229 1078 1322 συνηθείας
1107 1228 1219 1318 ὀλίγος
1241 1229 1359 1318 χρόνος

221 1332 402 1420 διέλυσε,
431 1335 490 1412 τοὶς
509 1333 542 1431 δὲ
562 1339 625 1399 τῶν
651 1329 834 1400 σπουδαίων
863 1335 973 1422 φιλίας
994 1328 1064 1401 οὐδ’
1088 1329 1171 1402 δίνό
1192 1339 1256 1412 πᾶς
1276 1327 1358 1400 αἰὼν

219 1436 486 1524 ἐξαλείψειεν,
509 1445 527 1504 3
551 1429 616 1519 δρῶ
635 1431 691 1521 την
709 1430 809 1523 τόχην
822 1430 904 1520 ἡμῖν
922 1430 1277 1519 συλλαμβάνουσαν
1298 1432 1358 1499 καὶ

219 1534 278 1603 τὸν
290 1530 440 1618 παρόντα
453 1533 569 1620 καιρόν
583 1530 959 1620 συναγωνιζόμενον,
974 1546 993 1604 7
1008 1533 1028 1622 ἡ
1042 1540 1102 1621 τῆς
1112 1529 1228 1621 ἀρετῆς
1241 1542 1358 1620 κτῆσις

221 1632 270 1714 οἶς
293 1629 334 1700 δν
346 1629 536 1721 όκιβδήλως
549 1637 620 1712 ταῖς
636 1629 803 1712 διανοίαις
818 1637 1072 1723 συναυξηθῆ,
1093 1633 1177 1723 μόνη
1191 1635 1248 1721 μὲν
1265 1654 1356 1720 συγ-

220 1732 427 1821 γηράσκει,
456 1743 474 1804 8
506 1724 594 1817 οἷςὴ
623 1738 687 1798 τῶν
713 1729 854 1828 τρόττωνΙ
869 1728 965 1822 ἀρετὴ
987 1737 1182 1820 τηλικοῦτον
1209 1730 1358 1816 εὐδοξίας

217 1839 536 1922 χαρακτῆρατοῖς
549 1830 657 1918 ἔργοις
677 1832 916 1920 ἐπέβαλενῑ),
943 1831 1357 1923 16τὰςὴδονὰςθηρεό-

219 1959 291 2015 ειν,
314 1938 352 2002 cf.
374 1937 418 2014 X,
442 1943 482 2004 59
508 1939 728 2023 θηρᾶσθαι
746 1933 808 2020 τήν
828 1931 945 2023 φύσιν,
976 1944 1014 2003 21
1038 1940 1106 2005 τῶν
1134 1934 1195 2011 μὲν
1220 1930 1357 2002 οἶκειῶν

220 2057 328 2118 αρχειν
346 2038 416 2112 ταῖς
435 2031 462 2098 δ’
484 2031 615 2122 ἡδοναῖς
636 2035 656 2101 δ
663 2031 867 2120 ουλέόξειν,
893 2038 932 2101 cf.
952 2037 993 2121 ΙΙ,
1015 2043 1064 2104 29.
1086 2039 1142 2120 ΠΙ,
1164 2046 1182 2104 7
1210 2031 1228 2102 ὃ
1257 2032 1358 2120 λόγος

107 2161 109 2165 ’
220 2135 371 2221 περὶτῶν
388 2129 527 2200 δικαίων
542 2132 558 2199 ε’
567 2159 609 2200 νο
615 2159 639 2217 μ
649 2133 768 2223 οθέτη
778 2152 797 2200 σ
803 2158 857 2217 εν,
871 2144 890 2204 9
912 2130 1086 2222 εὑρήσομεν
1097 2133 1154 2200 καί
1167 2139 1231 2200 τῶν
1251 2130 1357 2219 ἔργων

221 2233 360 2300 καὶτῶν
382 2230 613 2321 διανοημάτων
637 2230 795 2300 ἁπάντων
818 2229 990 2322 ἡγεμόνα
1013 2234 1111 2318 λόγον
1132 2229 1223 2317 όνια,
1236 2237 1293 2316 IV,
1316 2245 1352 2302 71

222 2330 386 2422 ἀδελφὰ
407 2337 471 2399 τῶν
492 2328 677 2422 εἰρημένων,
699 2338 739 2402 cf.
755 2336 798 2414 X,
813 2344 852 2406 23
868 2331 1016 2423 ἀδελφὰς
1029 2335 1082 2402 καλ
1097 2333 1157 2412 τὰς
1171 2328 1356 2417 ἐπιθυμίας

221 2424 314 2513 εἶχον,
335 2436 375 2518 V,
398 2443 436 2505 78
459 2428 570 2522 φήμην
591 2437 700 2520 σαυτῷ
723 2431 1045 2523 περιφυομένην,
1060 2436 1117 2520 VI,
1133 2442 1172 2503 59
1187 2431 1250 2518 ε’γιδ
1266 2439 1357 2518 μεγί-

221 2556 297 2619 στην
312 2529 702 2619 ἡγοῦμαισυμμαχίαν
722 2532 759 2601 τὸ
782 2533 820 2600 τοί
841 2531 956 2605 δίκαια
977 2534 1137 2618 πράττειν,
1151 2535 1210 2618 ΧΙ,
1228 2544 1265 2604 15
1277 2529 1356 2598 rori-

220 2657 286 2699 των
306 2624 391 2698 εἶναι
413 2631 597 2723 φυλακην
616 2628 865 2723 οἷσφαλεστότην
886 2631 943 2722 τήν
963 2658 999 2700 τε
1020 2632 1096 2718 περὶ
1122 2632 1179 2700 τὸν
1204 2629 1357 2715 πόλεμον

222 2731 413 2816 ἐπιμέλειαν
428 2732 483 2798 καί
499 2733 583 2818 πρὸς
597 2733 674 2811 τοδς
688 2733 781 2813 νεοδς
792 2732 963 2820 εὐσέβειαν,
976 2737 1068 2814 VHI,
1092 2743 1148 2802 137
1161 2730 1240 2801 όταν
1263 2727 1356 2798 εἱδῶ-

221 2856 274 2898 σιν
296 2828 466 2918 ε’φεδρεό
475 2857 602 2899 ουσαν
630 2833 692 2919 τὴν
720 2836 902 2918 δόναμινῖ),
931 2837 989 2920 ΧΙ,
1018 2844 1058 2905 49
1077 2842 1132 2924 τῆς
1152 2828 1359 2918 φιλοσοφίας

223 2929 429 3020 έντικηρως
460 2932 678 3020 διακειμένης,
706 2935 800 3019 ΧΙΧ,
826 2944 863 3002 15
890 2938 957 3000 τῶν
989 2931 1098 3016 νόμων
1127 2931 1265 3010 τούτοις
1295 2930 1358 3015 μέν

223 3025 340 3111 οὐδεὶς,
365 3030 436 3117 έμοί
458 3031 495 3098 δὲ
518 3034 637 3110 πάντες
658 3037 897 3121 βοηθοῦσιν.
918 3073 958 3083 -
982 3034 1201 3118 Oreberrime,
1230 3046 1266 3099 ut
1293 3034 1357 3099 hoe

223 3151 367 3201 extremo
383 3137 540 3220 attingam
555 3135 636 3212 loco,
655 3134 818 3223 adjectiva
839 3130 991 3219 θνητὸς
1012 3144 1044 3200 et
1060 3136 1235 3221 praecipue
1251 3125 1358 3196 ἅθυί-

225 3257 342 3311 νατος
363 3235 406 3300 ad
427 3236 571 3299 inanima
593 3237 690 3299 etiam
714 3234 755 3299 ab
776 3233 923 3301 Isocrate
940 3235 1177 3300 transferuntur
1197 3233 1297 3298 veluti
1310 3233 1356 3316 Π,

223 3341 262 3402 32
281 3329 299 3399 ό
320 3331 381 3416 μὲν
402 3330 546 3409 πλοῦτός
567 3330 635 3398 ἐστι
655 3331 819 3419 θνητὸς,
842 3328 860 3421 i,
881 3329 917 3397 δέ
940 3328 1021 3413 δόξα
1044 3327 1221 3412 ἀθάνατος,
1243 3333 1282 3398 ct.
1297 3332 1357 3415 IV,

223 3434 774 3517 nfflwmussm

306 3534 393 3599 Satis
407 3545 464 3616 est,
481 3537 605 3621 opinor,
628 3533 859 3620 exemplorum,
882 3533 998 3621 quibus
1015 3541 1156 3614 cavetur,
1179 3554 1219 3596 ne
1234 3533 1357 3618 ineptis

221 3633 390 3718 longiusve
412 3636 523 3698 ascitis
545 3633 690 3720 gaudere
711 3635 872 3698 Isocrates
894 3631 1160 3698 translationibus
1189 3641 1358 3718 arguatur.

220 3732 259 3796 In
278 3733 393 3818 quibus
411 3745 519 3798 tamen
536 3734 685 3821 petendis
707 3756 833 3820 semper
854 3734 926 3819 pari
941 3755 1014 3796 eum
1030 3730 1124 3797 modo
1141 3755 1211 3796 esse
1229 3731 1356 3798 felicem

289 4000 314 4067 1)
334 4001 454 4071 metaph.
471 3999 558 4070 petita
576 4007 617 4052 est
633 3999 668 4053 ab
686 3997 859 4053 officinatore
877 3999 1020 4068 quinctus
1039 3997 1156 4050 nummis
1174 3997 1314 4069 imprimit.
1377 4035 1380 4039 «

288 4085 314 4152 λ)
336 4103 361 4153 ,a
378 4102 408 4138 re
426 4084 565 4138 athletica.
593 4083 708 4153 Proprie
730 4082 873 4135 dicebatur
891 4074 1016 4150 ἔφεδρος
1038 4080 1066 4132 in
1087 4081 1290 4146 certaminibus,
1307 4081 1358 4152 qui

221 4169 383 4224 observabat
400 4175 527 4223 eventum
550 4167 724 4234 certantium3
748 4174 844 4236 postea
866 4182 927 4218 cunr
949 4166 1052 4217 victore
1075 4166 1303 4235 congrediebatur
1322 4194 1358 4202 -

221 4255 268 4326 qui
288 4261 415 4308 eventum
434 4261 599 4323 aucupatur,
618 4251 695 4323 quasi
713 4268 747 4303 ex
763 4249 878 4317 insidiis3
897 4250 924 4301 in
938 4249 1285 4312 universum'adversarius,
1308 4265 1358 4320 op-

221 4337 342 4407 positus‘.
377 4338 467 4392 Brem.
487 4337 565 4390 adh.
583 4337 603 4389 l.
