2946 4830
679 532 798 612 CAP.
819 532 874 613 II.

564 710 622 774 De
639 726 782 776 ονιιαεκ
802 713 985 777 oratorio.

297 873 449 960 Dionysii
470 898 552 963 quae
573 876 636 942 hue
659 880 802 942 maxime
824 880 986 963 pertinent
1007 877 1108 943 verba
1132 887 1205 942 sunt
1232 877 1350 943 haece:

215 967 299 1033 κατά
320 968 378 1057 τὴν
398 972 560 1059 τροπικὴν
581 971 704 1061 φράσιν
724 969 840 1060 ὀλίγον
853 1000 885 1041 τι
906 974 1093 1041 διαλλάττει
1109 980 1166 1062 τῆς
1178 971 1314 1041 Λυσίου
1327 980 1351 1058 ¹)

215 1067 430 1152 reindueretur
444 1071 646 1156 συμμέτρως·
668 1071 706 1139 τό
726 1099 759 1141 τε
779 1073 882 1163 σαφὲς
903 1073 1004 1163 ε’κελνη
1026 1070 1262 1162 παραπλήσιον
1276 1070 1350 1156 ilfa,

214 1168 268 1235 καὶ
292 1169 329 1236 τά
356 1168 497 1256 ἐναργές.
531 1167 635 1261 ἠθική
656 1169 682 1238 τ’
708 1171 775 1240 ἐστὶ
803 1173 859 1241 καὶ
886 1170 1019 1263 neberti.
1041 1169 1121 1241 -δ
1146 1169 1230 1259 άνὴρ
1253 1162 1353 1252 οὗτος

213 1268 270 1356 τὴν
301 1265 452 1338 εὐέπειαν
487 1269 523 1337 ἐκ
556 1272 682 1351 παντὸς
709 1270 821 1341 διώκει
852 1274 906 1341 καὶ
941 1279 1006 1342 τοῦ
1041 1274 1218 1363 γλαφυρῶς
1246 1272 1353 1357 λέγειν

213 1366 407 1450 στοχάζεται
419 1371 552 1453 μάλλον,
573 1365 597 1458 ἢ
617 1378 674 1438 τοῦ
696 1367 838 1461 άφελώς,
857 1379 919 1440 τῶν
940 1398 975 1439 τε
996 1373 1059 1460 γάρ
1078 1371 1275 1461 φωνηέντων
1290 1372 1353 1452 τὰς

214 1467 448 1556 παραλλήλους
467 1469 588 1550 θέσεις,
612 1468 657 1550 ώς
678 1472 815 1550 λνοάσας
836 1473 898 1551 τάς
919 1469 1077 1558 ἁρμονίας
1097 1477 1164 1538 τῶν
1178 1466 1275 1560 ἤχων,
1296 1473 1353 1540 καὶ

213 1567 271 1656 τὴν
291 1566 438 1656 λειότητα
466 1576 531 1636 των
553 1568 710 1657 φθόγγων
731 1571 983 1656 λυμαινομένας,
1015 1575 1231 1657 παραιτεῖται.
1252 1611 1293 1621 -
1314 1573 1358 1638 αἵ

213 1691 247 1733 τε
275 1667 522 1755 παρομοιώσεις
541 1673 596 1738 καὶ
616 1672 808 1757 παρισώσεις
829 1673 884 1739 καὶ
905 1672 944 1738 τά
971 1668 1134 1754 ἀντίθετα,
1162 1671 1219 1739 καὶ
1240 1677 1309 1749 παῖς
1333 1667 1353 1738 ὁ

213 1764 376 1835 τοιοώτων
396 1768 571 1856 σχημάτων
593 1770 723 1857 κόσμος,
746 1769 853 1850 πολύς
873 1770 941 1839 ε’στι
957 1766 1034 1855 παρ’
1060 1768 1160 1858 αὐτῷ,
1182 1772 1237 1839 καὶ
1257 1778 1358 1838 λυπεῖ

214 1866 375 1947 πολλάκις
394 1870 457 1957 τὴν
477 1864 579 1960 άλλην
600 1872 812 1960 κατασκευὴν,
838 1869 1079 1959 παριστάμενος
1098 1875 1171 1949 ταῖς
1191 1870 1354 1952 άκοαῖς.2)

296 1971 348 2036 De
370 1973 486 2059 quibus
508 1975 661 2061 Dionysii
682 1975 794 2041 verbis
817 1977 1010 2063 priusquam
1032 1974 1212 2057 videamus,
1235 1973 1355 2038 audia-

214 2093 285 2134 mus
302 2072 566 2153 Quinctilianum,
590 2077 645 2162 qui
660 2084 808 2140 ornatum
824 2097 894 2139 esse
910 2075 997 2149 dicit,
1020 2074 1106 2159 quod
1123 2075 1296 2161 perspicuo
1312 2096 1355 2138 ae

215 2169 377 2256 probabili
393 2172 466 2258 plus
489 2175 530 2238 sit
540 2175 580 2254 3);
603 2173 688 2238 unde
709 2173 783 2238 illas
798 2175 945 2255 virtutes,
967 2174 1083 2259 quibus
1103 2176 1193 2262 justa
1215 2181 1356 2259 rataque

215 2269 313 2334 dictio
349 2274 442 2355 quasi
472 2272 690 2338 fundamentis
720 2275 846 2356 nititur,
887 2273 929 2337 ad
962 2273 1140 2338 ornandam
1172 2275 1355 2338 orationem

216 2391 288 2433 esse
311 2381 366 2434 aut
387 2371 553 2457 augendas
576 2382 633 2437 aut
647 2373 878 2458 temperandas
897 2375 926 2437 ei
941 2372 1047 2437 videri
1064 2382 1211 2459 apparet
1237 2372 1355 2458 Neque

215 2470 343 2556 injuria.
390 2471 473 2536 Nam
501 2481 537 2537 ut
564 2481 685 2538 rectam
713 2472 889 2537 verborum
915 2473 1164 2558 grammaticam
1190 2474 1354 2547 rationem

216 2658 424 2667 ——-——.-

219 2755 312 2832 ollrwc
328 2769 379 2823 καὶ
400 2761 542 2839 νοήμασιν
560 2759 746 2841 ἁρμόττουσά
762 2787 807 2834 τις
831 2761 982 2838 ὀνομασία.
1005 2763 1041 2825 τδ
1060 2761 1089 2826 δ’
1110 2766 1146 2826 ἐκ
1162 2763 1271 2834 παντὸς
1289 2758 1356 2839 ἦδά-

218 2869 278 2906 νειν
295 2846 347 2916 τάς
364 2844 463 2917 άκοάς,
481 2845 624 2923 εὐφώνων
640 2855 734 2909 τεκαὶ
747 2849 892 2910 extenuo
912 2846 1064 2923 ὀνομάτων
1075 2848 1182 2923 ἐκλογὴ
1191 2855 1241 2908 καὶ
1258 2849 1356 2910 πάντα

218 2927 319 3000 άξιοῦν
340 2933 382 2999 εἰς
410 2929 572 3007 εὐρύθμους
593 2939 778 2993 κατακλείειν
799 2931 947 3009 περιόδων
969 2927 1122 3010 άρμονλας,
1147 2940 1197 2993 καὶ
1218 2931 1266 2992 διά
1293 2943 1358 2995 τῶν

217 3022 385 3090 θεατρικῶν
405 3015 559 3091 σχημάτων
580 3023 775 3089 καλλωπίζειν
797 3016 851 3077 τὸν
873 3015 975 3092 λόγον,
1004 3014 1058 3077 οὐκ
1080 3012 1114 3092 ἦν
1136 3025 1267 3093 πανταχῆ
1286 3017 1356 3093 χρή-

218 3122 313 3171 σιμον.

287 3207 312 3272 1)
332 3206 411 3270 Quae
428 3207 539 3279 quidem
555 3207 691 3261 vocabula
708 3207 810 3261 Reiske
824 3208 930 3262 Wolfio
953 3216 1064 3262 auctore
1082 3217 1144 3280 post
1159 3225 1239 3262 voces
1256 3199 1356 3278 η’θικὴ-

217 3281 247 3345 τ’
269 3289 333 3345 ἐστὶ
353 3291 403 3345 καλ
429 3292 538 3360 πιθανή
565 3291 648 3345 inseri
674 3292 773 3359 voluit;
800 3300 829 3346 at
854 3310 887 3348 ca
910 3293 1061 3348 mutatione
1083 3293 1167 3348 facile
1193 3291 1356 3350 carebimus.

219 3376 345 3448 Namque
362 3375 445 3429 Dion.
463 3376 511 3429 ubi
528 3376 656 3430 isocratis
678 3374 861 3430 elocutionem
882 3377 1007 3431 laudavit
1030 3395 1127 3448 puram
1149 3377 1357 3448 communisque

219 3460 350 3513 sermonis
372 3458 521 3513 studiosam
544 3478 631 3531 aeque
653 3478 686 3515 ac
703 3460 859 3531 Lysiacam‚
881 3460 958 3514 addit
982 3461 1064 3514 etiarn
1087 3461 1310 3533 perspicuitatem
1329 3469 1358 3515 et

220 3543 382 3597 evidentiam
401 3545 515 3598 candem
533 3552 596 3597 esse'
614 3543 643 3597 in
662 3545 783 3598 Isocrate
801 3552 883 3617 atque
901 3545 930 3597 in
943 3545 1033 3614 Lysia,
1050 3564 1111 3599 oum
1129 3545 1178 3600 ille
1196 3544 1282 3616 tropis
1299 3563 1358 3600 non

220 3635 276 3682 tam
294 3629 376 3698 plane
395 3636 425 3682 ut
442 3627 487 3682 hic
509 3628 679 3694 abstinuerit,
697 3647 778 3700 quam
797 3637 860 3699 apte
879 3647 910 3682 ac
930 3630 1036 3683 modice
1054 3648 1117 3683 usus
1134 3630 1179 3683 sit.
1206 3662 1230 3669 -

288 3729 314 3796 2)
333 3729 368 3782 de
385 3728 469 3783 Isocr.
487 3728 548 3800 jud.
566 3747 592 3800 p.
612 3732 668 3784 538.
687 3731 728 3783 39.
763 3729 924 3784 Simillimus
947 3738 988 3785 est
1008 3729 1084 3784 locus
1106 3732 1140 3784 de
1159 3730 1235 3784 Dem.
1260 3730 1286 3783 vi
1304 3730 1360 3785 dic.

220 3834 247 3886 p.
265 3816 323 3868 962.
342 3816 385 3882 633
404 3814 451 3868 ubi
469 3819 563 3868 tamen
580 3814 738 3885 scrupulum
757 3814 861 3868 faciunt
878 3815 960 3868 verba
983 3812 1112 3883 πέφευγε
1135 3817 1186 3883 τῆν
1207 3807 1359 3883 τροπικὴν,

222 3885 321 3969 ὥσπερ
343 3895 439 3967 ἐκείνη
457 3887 493 3968 (ἦ.
509 3916 535 3952 τ.
553 3899 665 3953 Λυσίου
687 3895 774 3963 λέξις)
796 3891 848 3967 τὴν
874 3893 967 3967 ἁπλῆν
991 3891 1106 3969 φράσιν.
1143 3898 1215 3951 Nam
1235 3916 1251 3952 e
1273 3899 1360 3952 verbo

220 3979 367 4051 πέφευγεν
393 3985 427 4036 ad
454 3970 553 4054 ὥσπερ
579 3978 676 4052 ἐκείνη
693 3999 717 4036 τ,
741 3971 804 4037 άπλ.
826 3976 913 4052 φράσ.
947 3983 1003 4036 talc
1030 3984 1095 4055 quid
1121 3984 1249 4054 supplere
1276 3984 1360 4054 quale

220 4060 331 4131 διώκει,
347 4066 376 4120 id
394 4068 469 4139 quod
487 4067 608 4139 Sylburg
626 4066 777 4139 proposuit,
798 4067 856 4123 sinc
868 4067 893 4120 vi
906 4069 1022 4140 quadam
1036 4068 1081 4121 vix
1093 4085 1242 4138 possumus.
1259 4065 1361 4140 Itaque

222 4169 284 4206 cum
302 4152 418 4206 deficere
443 4152 593 4225 quidquam
615 4154 668 4207 hoc
690 4152 752 4207 loco
770 4171 872 4224 negare
895 4170 1075 4224 nequeamus,
1097 4151 1184 4209 omnis
1203 4151 1281 4205 loeus
1301 4168 1361 4206 esse

223 4245 367 4308 corruptus
378 4237 459 4289 -haud
476 4238 538 4290 scio·
550 4255 585 4291 an
603 4237 682 4291 nobis
701 4236 896 4292 existimandus
913 4237 957 4292 sit.

289 4324 315 4391 3)
334 4319 412 4385 VIII,
430 4323 454 4386 3,
472 4324 514 4377 61.
