2946 4830
600 275 695 361 '15

110 453 176 518 tria
186 459 316 526 omnino
329 463 403 546 sint,
414 462 500 528 unde
511 462 640 529 dicendi
656 463 814 529 efficiatur
827 459 981 549 splendor
994 483 1033 526 ac
1044 464 1198 550 majestas
1211 464 1245 540 ¹):

110 555 285 627 verborum
307 564 448 650 primum
470 563 669 648 delectus,
692 562 808 628 deinde
831 565 1087 648 compositio,
1109 561 1246 649 denique

110 671 297 746 ornatus,
319 663 423 729 tribus
445 664 543 729 ctiam
566 663 728 751 capitibus
750 662 790 728 de
811 685 847 727 re
869 663 1038 749 proposita
1058 664 1250 754 erit,dispu·'
1285 710 1287 715 ,

39 838 46 847 ,
110 762 256 847 tandum,
279 763 337 829 sed
355 766 402 829 ita
423 765 576 830 ut'tertio
600 764 728 830 demum
751 763 792 828 de
813 764 1055 850 compositione,
1083 763 1247 831 alterode

113 872 246 948 ornatu,
276 865 396 952 quippe
429 864 484 949 qui
503 863 684 930 uerborum
714 863 853 928 delectui
879 861 935 927 illa
963 865 1069 951 aptius
1097 863 1248 929 videatur

115 962 258 1051 adjungi,
281 986 486 1051 quaeramus.
523 963 629 1046 Quem
651 963 797 1029 ordinem
813 963 911 1027 etiam
927 964 1064 1029 instituit
1078 963 1116 1028 R.
1130 963 1247 1029 Volk-

115 1085 231 1127 mann
250 1064 284 1128 in
305 1063 389 1130 libro
411 1063 468 1130 illo
484 1087 585 1152 supra
595 1066 665 1153 jam
683 1062 826 1146 laudato,
848 1085 943 1149 quem
965 1064 1112 1150 quamvis
1135 1064 1170 1127 in
1184 1065 1247 1128 sin·

118 1161 202 1247 gulis
222 1163 410 1229 ordinandis
431 1187 470 1229 ac
492 1164 702 1252 disponendis
717 1162 802 1229 male
817 1162 977 1228 interdum
993 1161 1247 1244 Quinctilianum

119 1283 189 1326 esso
216 1272 360 1328 secutum
387 1274 474 1330 recte
503 1287 634 1351 arguas,
662 1264 797 1352 hujusce
827 1254 934 1328 tamen
960 1264 1247 1346 commentationis,

116 1363 267 1448 quoniam
288 1387 387 1428 unum
406 1365 474 1429 fere
491 1364 647 1429 habemus
663 1364 833 1446 arbitrum,
856 1364 919 1428 nisi
932 1385 1041 1428 rerum
1056 1364 1247 1428 necessitate

114 1462 219 1526 coacti
239 1461 353 1529 ducem
376 1465 504 1529 omnino
527 1486 591 1528 non
612 1463 864 1550 repudiavimus.

197 1560 374 1649 Reliquum*
390 1573 439 1628 est
466 1573 511 1647 ut,
533 1573 726 1649 anteaquam
755 1562 798 1627 ad
825 1564 966 1650 primum
994 1571 1093 1650 caput
1114 1585 1247 1649 progre-

114 1659 253 1744 diamur,
281 1685 387 1750 pauca
409 1663 537 1751 quidem
559 1663 661 1728 verba
687 1663 844 1728 faciamus
867 1661 907 1727 de
929 1662 1083 1727 Isocratis
1106 1663 1248 1749 scriptis,

114 1782 157 1825 ex
180 1761 297 1847 quibus
318 1761 412 1851 hujus
428 1765 626 1851 quaestionis
642 1763 835 1828 documenta
850 1761 1096 1849 depromsimus.
1126 1762 1244 1827 Omisi-

114 1863 292 1927 musenim
316 1862 483 1951 epistulas,
506 1886 643 1951 quarum
665 1884 739 1926 cum
760 1863 866 1927 minus
890 1861 931 1926 ad
954 1860 1179 1926 illustrandam
1201 1863 1247 1925 in·

116 1961 241 2047 signem
265 1963 646 2051 scriptoriselocutionis
667 1971 817 2027 naturam
839 1970 1044 2040 momentum,
1065 1971 1133 2027 tum
1149 1961 1247 2027 dictio

114 2063 301 2148 nuperrime
322 2065 401 2128 satis
424 2064 465 2128 sit
486 2065 680 2151 exposita.²)
716 2062 890 2128 Orationes
905 2084 983 2127 vero
1005 2083 1088 2148 quae
1111 2061 1248 2126 circum·

113 2159 262 2228 feruntur
283 2185 381 2228 unam
404 2172 436 2228 et
457 2164 573 2251 viginti
595 2187 706 2229 omnes
727 2164 889 2228 tenuimus
917 2161 958 2227 de
986 2164 1083 2227 trium
1107 2162 1248 2225 maxime

115 2271 248 2328 auctore
275 2256 410 2350 primae,
438 2263 584 2330 decimae
613 2265 780 2352 septimae,
808 2265 986 2350 vigesimae
1013 2263 1138 2349 primae
1160 2262 1247 2326 viros

113 2358 226 2430 doctos
253 2361 421 2430 dubitasse
455 2388 520 2430 non
549 2366 653 2431 inscii.
701 2364 751 2429 Ac
779 2363 820 2428 de
849 2365 955 2451 prima
984 2362 1114 2450 quidem
1145 2369 1250 2426 ratam

113 2461 291 2529 habeamus
306 2466 497 2530 sententiam
508 2464 652 2551 Paulyi
663 2465 697 2546 ³),
712 2486 807 2551 quem
825 2462 864 2528 G.
875 2462 914 2528 Ε.
925 2461 1072 2527 Bensel
1082 2485 1122 2526 er
1132 2463 1156 2541 ⁴)
1175 2483 1251 2547 quo·

119 2583 180 2648 quc
189 2564 369 2630 rectissime
379 2564 521 2630 mediam
533 2566 715 2651 ingressum
726 2566 815 2629 viam
830 2572 942 2628 contra
956 2563 1250 2649 Harpocrationem

120 2669 152 2727 et
173 2661 371 2751 Stephanum
393 2675 583 2753 ceterosque
598 2665 653 2752 qui
676 2687 730 2731 eos
747 2666 812 2728 sint
827 2665 928 2728 secuti
943 2661 1091 2728 concedit
1108 2661 1251 2727 animad-

117 2771 257 2832 vertere:
290 2775 346 2848 „ut
373 2765 500 2852 singula
528 2765 686 2852 quaedam
715 2787 735 2829 a
763 2773 869 2828 mente
896 2772 993 2852 atque
1021 2760 1251 2828 consuetudine

115 2862 271 2930 Isocratis
287 2866 437 2932 videntur
453 2865 640 2948 abhorrere,
663 2867 710 2929 ita
723 2874 833 2930 tamen
846 2865 1035 2929 universum
1051 2864 1078 2927 si
1092 2863 1250 2949 inspicias

115 2961 269 3043 libellum,
291 2968 466 3054 praecipue
489 2965 624 3032 exordio
640 2974 679 3030 ac‘
694 2967 901 3052 peroratione
918 2964 1100 3029 accuratius
1114 2985 1250 3050 perpen-

118 3065 172 3149 sis,
195 3066 312 3131 mirum
326 3069 361 3132 in
381 3066 512 3133 modum
535 3068 641 3155 ipsam
657 3067 798 3132 oratoris
812 3066 917 3131 nostri
932 3087 1061 3129 manum
1080 3084 1249 3149 agnoscas.

114 3163 269 3230 Isocratis
292 3167 391 3251 igitur
411 3168 474 3233 hoc
502 3190 573 3232 esse
596 3166 785 3254 opusculum
814 3168 984 3232 statuimus
1016 3163 1160 3252 quidem,
1191 3160 1248 3227 sed

115 3286 188 3330 cum
216 3266 348 3332 moralis
377 3268 471 3355 quasi
501 3266 671 3333 enchiridii
700 3269 803 3332 instar
825 3265 1057 3353 permultorum
1084 3263 1248 3328 hominum

184 3535 210 3602 1)
229 3535 264 3588 de
287 3537 371 3590 Isocr.
387 3554 414 3607 p.
438 3539 501 3590 539:
519 3527 651 3591 καθόλου
668 3539 760 3607 τριῶν
778 3525 882 3598 ὄντων,
908 3520 948 3596 ὥς
970 3547 1041 3602 φησι
1061 3524 1253 3604 θεόφραστος

114 3613 148 3684 ἐξ
167 3606 207 3673 ὧν
223 3620 353 3689 γίγνεται
370 3613 405 3674 τὸ
422 3616 499 3689 μέγα
515 3613 617 3675 καὶτὸ
634 3612 774 3692 περιττὸν
791 3614 823 3674 ἐν
840 3614 925 3685 λέξει,
938 3619 988 3686 τῆς
1006 3608 1030 3669 δ’
1050 3612 1171 3687 ἐκλογῆς
1188 3621 1250 3671 τῶν

115 3693 269 3770 ὀνομάτων
294 3706 344 3759 καὶ
370 3708 420 3775 τῆς
447 3700 482 3760 ἐκ
506 3698 621 3759 τούτων
649 3699 792 3777 ἁρμονίας
816 3695 948 3757 καὶτῶν
973 3697 1250 3773 περιλαμβανόντων

112 3779 188 3842 αὐτὰ
205 3787 368 3859 σχημάτων,
386 3791 548 3862 quibuscum
566 3790 600 3843 cf.
618 3791 652 3843 de
670 3790 759 3842 Thuc.
776 3807 802 3860 p.
821 3790 879 3842 862.

181 3876 208 3942 2)
226 3874 257 3928 Ε.
275 3875 309 3930 Η.
329 3875 425 3947 Haupt
442 3876 485 3940 ,de
503 3875 630 3929 isocratis
647 3874 773 3946 epistulis
789 3872 890 3944 prima,
911 3878 1001 3938 sexta,
1023 3872 1137 3933 octava‘,
1153 3888 1180 3940 p.
1199 3872 1245 3922 5-

114 3962 155 4012 15.
173 3959 245 4028 (diss.
264 3960 367 4031 inaug.)
388 3962 459 4015 1873.

182 4044 208 4111 3)
225 4043 416 4112 ,Quaestiones
438 4046 608 4100 Isocrateae‘.
645 4041 957 4098 Heilbronn.1828.cf.
978 4038 1080 4111 Bergk,
1108 4039 1249 4109 encyclop.

12 4108 15 4115 “
113 4129 178 4184 aar.
196 4148 222 4201 p.
240 4133 298 4185 ros.

180 4216 208 4282 4)
226 4217 260 4269 (16
277 4216 355 4270 hiatu
374 4234 400 4287 p.
418 4218 458 4270 36.
478 4219 519 4271 37.
537 4215 668 4270 Attamen
684 4214 717 4267 B.
737 4213 766 4265 in
788 4213 847 4282 ipsa
863 4208 979 4263 rhetoris
996 4208 1117 4263 editione
1134 4206 1248 4260 Isocrati

114 4300 309 4372 Apolloniatae
325 4318 388 4354 cum
401 4300 463 4356 aliis
475 4301 548 4355 hanc
562 4301 713 4354 orationem
723 4296 876 4350 adscribere
889 4295 1004 4362 mavult3
1020 4293 1118 4365 quibus
1132 4292 1249 4345 maxime

115 4387 196 4440 rebus
215 4386 263 4440 ille
281 4393 419 4457 permotus
437 4387 481 4452 sit,
499 4386 561 4440 vide
579 4385 659 4438 infra.
