2946 4830
709 282 750 343 24

165 441 298 506 ditate
327 451 508 528 quaeratur.
552 443 698 538 Namque
728 444 879 523 ⁴dicturus
900 443 1015 532 quibus
1037 451 1169 510 ornetur
1191 445 1296 509 oratio

167 543 256 628 prius
292 563 330 606 ea
359 564 441 629 quae
478 551 551 607 sunt
583 542 659 608 huic
696 546 857 609 contraria
890 543 979 608 laudi
1013 545 1186 629 attingam
1219 567 1297 608 nam

166 642 273 727 prima
301 641 405 705 virtus
434 649 482 705 est
503 643 582 707 vitio
605 664 724 708 carere.
766 644 869 729 Igitur
891 653 966 708 ante
992 645 1101 708 omnia
1128 666 1168 708 ne
1190 666 1298 730 spere·

139 752 140 756 ’
167 763 238 804 mus
272 742 453 804 orationem
493 741 563 805 fore
598 751 760 826 ornatam,
797 765 880 830 quae
913 742 1093 829 probabilis
1128 765 1193 808 non
1227 744 1298 808 erit.

166 839 341 904 Probabile
375 849 481 910 autem
510 839 625 906 Cicero
639 843 661 921 ¹)
690 841 724 906 id
751 865 854 928 genus
883 842 979 924 dicit,
1017 841 1104 930 quod
1131 865 1194 908 non
1225 840 1299 928 plus

168 941 314 1003 minusve
335 947 383 1002 est
397 961 494 1025 quam
511 938 613 1023 decet,
636 941 713 1027 quia
728 943 844 1006 vitium
865 951 915 1006 est
928 942 1047 1029 ubique
1062 940 1149 1026 quod
1165 943 1300 1005 nimium

131 1122 133 1126 Ι
167 1039 264 1116 esest)
299 1039 406 1123 Atque
426 1039 587 1103 Isocrates
610 1041 739 1124 quidem
762 1063 826 1106 non
848 1048 913 1105 tam
937 1041 1023 1129 quod
1038 1040 1186 1106 breviore
1202 1062 1301 1125 quam

167 1142 251 1227 justo
273 1137 424 1203 uberiore
446 1147 541 1225 atque
565 1141 745 1226 copiosiore
772 1141 806 1204 in
828 1139 963 1223 singulis
987 1142 1034 1204 uti
1056 1139 1136 1228 solet
1158 1140 1301 1205 dictione

168 1237 377 1325 castigandus
398 1248 457 1313 est,
481 1239 758 1324 frequentissimus
781 1239 834 1305 ille
853 1243 886 1305 in
901 1240 1057 1326 eligendis
1072 1248 1168 1327 atque
1181 1240 1301 1304 iteran-

168 1339 219 1404 dis
242 1338 357 1425 quibus
378 1337 473 1403 facile
497 1338 677 1403 carebimus
699 1339 878 1410 vocabulis.¹

252 1439 362 1503 Primo
385 1447 491 1503 autem
512 1436 582 1503 loco
604 1439 776 1504 multarum
798 1439 927 1504 dicendi
949 1438 1122 1525 ambagum
1143 1438 1201 1504 fiat
1214 1461 1302 1503 men-

169 1542 224 1622 tio,
248 1560 384 1626 quarum
404 1547 440 1602 ut
463 1560 520 1601 usu
542 1537 708 1602 moderato
731 1539 908 1603 orationem
929 1542 1089 1606 Isocrates
1117 1537 1302 1603 illustravit,

168 1642 215 1704 ita
230 1637 429 1702 abundantia
443 1635 527 1701 male
541 1636 627 1700 haud
649 1660 724 1702 raro
739 1636 898 1714 dilatavit,
922 1661 1017 1726 quem
1037 1640 1167 1724 saepius
1182 1660 1302 1725 prope-

169 1736 298 1802 modum
340 1735 479 1800 dixerim
517 1759 612 1826 quam
649 1737 787 1824 simplex
820 1738 955 1803 verbum
989 1737 1083 1824 plura
1122 1759 1204 1824 quae
1239 1736 1305 1802 hoc

171 1836 438 1902 circumscribunt
459 1836 619 1902 vocabula
640 1839 797 1923 posuisse.

232 1934 524 2022 simplicissimum,
542 1958 607 2001 non
619 1938 841 2000 tenuissimum
852 1935 981 2001 dicendi
992 1937 1162 2003 circuitum
1176 1944 1306 2001 constat

170 2036 255 2100 effici
277 2035 500 2124 conjungendo
520 2035 613 2099 verbi
633 2037 805 2122 participio
822 2058 894 2100 oum
917 2030 998 2099 εἶναι
1017 2035 1116 2101 veluti
1132 2034 1220 2122 apud
1234 2033 1306 2098 Iso-

171 2144 291 2200 cratem
305 2135 347 2218 Π,
363 2141 381 2200 2
397 2129 469 2209 τοὺς
481 2130 542 2214 μὲν
557 2131 619 2217 γδιρ
634 2127 770 2209 ἰδιώτας
792 2129 873 2198 ἐστὶ
894 2131 1030 2197 πολλὰ
1051 2127 1305 2198 παιδεύοντα

171 2258 230 2322 pro
245 2230 358 2296 πολλὰ
375 2227 540 2317 παιδεύει,
555 2256 614 2299 nec
630 2235 799 2320 quisquam
814 2245 863 2298 est
878 2236 932 2321 qui
946 2233 1027 2298 illud
1041 2233 1140 2299 multo
1155 2232 1216 2297 hoc
1231 2255 1307 2297 esse

172 2334 305 2421 gravius
321 2355 360 2397 ac
372 2332 591 2398 vehementius
606 2341 711 2419 neget.
739 2334 777 2397 In
792 2356 856 2421 qua
874 2332 1163 2398 circumscribendi
1177 2333 1307 2397 ratione

172 2433 226 2498 ille
241 2433 389 2520 quamvis
399 2432 507 2497 multis
524 2432 572 2509 sit,
590 2455 654 2497 non
666 2433 774 2518 inepte
783 2441 940 2514 versatur,
955 2433 1003 2496 ita
1016 2442 1052 2497 ut
1066 2431 1195 2497 dicendi
1209 2431 1307 2516 vigor

173 2543 269 2620 atque
290 2533 436 2619 gravitas
458 2555 515 2597 suo
543 2554 672 2618 semper
692 2530 763 2596 loco
785 2532 1028 2619 amplificentur.
1074 2529 1307 2617 Comparanda

174 2655 247 2698 oum
260 2632 304 2716 II,
319 2639 338 2698 2
354 2642 427 2697 sunt
440 2633 499 2715 ΙΙΙ,
518 2638 537 2699 6
553 2627 667 2710 σχεδόν
684 2627 814 2698 ἅπαντα
826 2630 867 2694 τὰ
885 2624 926 2695 δι’
945 2625 1041 2714 ἡμῶν
1054 2626 1307 2715 μεμηχανημένα

172 2726 267 2815 λόγος
284 2720 493 2818 ημῖνέστὶνό
516 2725 916 2813 συγκατασκευάσας,
939 2731 982 2813 Χ,
1005 2738 1024 2799 6
1048 2724 1114 2793 ἔστι
1137 2720 1166 2792 δ
1187 2722 1206 2814 ἡ
1229 2727 1308 2809 περὶ

173 2829 231 2907 τὰς
251 2826 361 2915 ἔριδας
383 2824 565 2917 φιλοσοφία
593 2827 790 2915 δυναμένη
811 2833 907 2894 τοῦτο
929 2832 1044 2906 ποιεῖν,
1067 2829 1141 2906 XV,
1168 2834 1226 2917 307
1257 2824 1308 2903 τίς

174 2922 201 2994 δ’
226 2919 264 3015 ἦν
286 2923 303 2992 ό
325 2921 393 3010 μετ’
418 2925 543 2992 ἐκεῖνον
565 2925 817 3015 τσδςἛλληνας
843 2923 1127 3012 ἐλευθερώσας
1151 2924 1207 2992 καί
1232 2922 1310 3004 τοὺς

175 3022 359 3112 προγόνους
386 3025 441 3092 ἐπὶ
467 3025 528 3112 τὴν
556 3023 737 3112 ἡγεμονίαν
759 3026 815 3092 καί
835 3024 892 3091 τδν
919 3022 1112 3092 δυναστείαν
1143 3016 1183 3112 ἣν
1213 3020 1309 3105 ἔσχον

174 3125 387 3213 προαγαγιόν,·
409 3123 458 3192 ἔτι
481 3125 517 3192 δὲ
529 3126 588 3214 την
601 3124 707 3214 φύσιν
727 3126 787 3212 τὴν
809 3130 869 3192 τοῦ
883 3124 1068 3210 Πειραιέως
1089 3124 1235 3191 κατιδοδν
1249 3124 1308 3192 καί

172 3226 210 3295 τδ
235 3232 339 3306 τεῖχος
356 3221 502 3290 ἀκόντων
516 3223 794 3308 Λακεδαιμονίων
808 3231 846 3315 τῇ
861 3223 964 3292 πόλει
985 3228 1055 3310 πζερ
1066 3223 1236 3308 ιβαλώυς
1257 3221 1309 3302 τίς

174 3321 202 3392 δ’
226 3322 244 3392 ὁ
264 3326 345 3409 μετὰ
371 3331 488 3392 τοῦτον
515 3323 666 3411 ἀργυρίου
695 3327 750 3391 καὶ
776 3322 908 3408 χρυσίου
936 3325 995 3413 τὴν
1023 3320 1205 3408 ἀκρόπολιν
1236 3321 1308 3405 ἒμ-

177 3421 334 3512 πλήσας
355 3426 410 3491 καί
429 3426 502 3503 τοδς
524 3422 637 3504 οἴκους
659 3425 733 3502 τοὺς
749 3420 856 3501 ἰδίους
869 3423 1003 3509 μεστοὺς
1017 3425 1141 3511 πολλῆς
1155 3417 1309 3506 εὐδαιμο·

178 3521 249 3602 νίας
270 3526 324 3590 καὶ
346 3523 490 3591 πλούτου
512 3524 673 3612 ποιήσαςς
703 3537 871 3612 praeterea
891 3526 980 3608 VIII,
1002 3532 1050 3593 64.
1077 3525 1153 3608 XII,
1175 3532 1232 3593 158
1254 3524 1310 3590 alii

177 3626 239 3691 loci
268 3627 426 3712 permulti.
479 3628 650 3692 Simillima
679 3638 752 3691 sunt
784 3625 1003 3701 substantiva,
1037 3648 1120 3710 quae
1150 3635 1311 3689 vocantur

177 3726 333 3807 verbalia,
348 3726 448 3791 veluti
465 3720 636 3812 ἀκροατὴς,
652 3720 792 3808 εδρέτης,
808 3722 963 3811 ζηλωτὴς,
978 3722 1129 3811 μιμητὴς,
1147 3720 1312 3806 προδότης

178 3828 364 3892 consociata
385 3827 441 3891 illa
473 3850 545 3891 cum
572 3827 681 3891 verbis
711 3820 809 3901 εἶναι,
845 3820 1031 3908 γίγνεσθαι,
1067 3820 1221 3904 παρέχειν
1253 3846 1311 3887 seu

178 3919 437 4009 παρασκευάζειν
466 3920 574 4002 αὑτὸν,
605 3926 714 4012 qualia
740 3936 913 3991 occurrunt
934 3926 977 3990 Is.
999 3927 1024 4006 l,
1048 3932 1076 3992 6.
1101 3931 1146 3989 17.
1172 3922 1235 3998 ΠΙ,
1263 3925 1311 3987 13.

180 4035 225 4094 17.
247 4028 336 4109 Vlll,
361 4036 387 4093 1.
410 4027 541 4114 pluries.

248 4180 272 4244 1)
293 4143 450 4247 parti-orat.
469 4177 518 4240 VI,
537 4180 574 4230 19.

246 4267 272 4326 2)
291 4261 421 4324 Quinctil.
441 4262 521 4326 VIII,
533 4264 557 4324 3,
570 4264 611 4315 42.
624 4259 657 4315 cf.
668 4260 781 4313 Aristot.
791 4261 861 4314 rhet.
880 4259 959 4322 lll,2
974 4246 1095 4327 ὡρίσθω
1106 4254 1213 4321 λέξεως
1226 4245 1315 4326 δρετη

178 4351 257 4417 σαφῆ
276 4338 349 4400 εἶναι
370 4364 394 4401 κ,
413 4338 486 4414 μήτε
504 4338 643 4430 ταπεινρξν
661 4337 733 4412 μήτε
752 4333 825 4414 ὑπὲρ
848 4334 882 4396 τδ
901 4333 1025 4408 ἀξίωμα,
1045 4331 1115 4394 ἀλλὰ
1135 4335 1315 4409 πρέπουσαν.
