2946 4830
697 286 803 345 411

149 443 401 509 Atheniensibus
436 445 545 530 potius
584 469 680 533 quam
712 447 983 511 Lacedaemoniis
1016 449 1189 534 imperium
1218 471 1289 514 esse

96 583 99 589 ·
141 543 357 608 'tribuendum
372 543 530 625 ostendat,
549 544 687 632 denique
702 569 784 633 quae
807 549 937 610 omnino
957 545 1110 611 derebus
1128 547 1289 634 pulchrio-

150 643 240 708 ribus
262 652 294 707 et
315 642 646 728 magnificentioribus
670 668 766 731 quam
789 668 873 732 quae
902 645 1134 710 restituendam
1157 669 1288 712 eoncor-

149 743 237 807 diam
257 740 442 828 bellumque
464 740 614 807 barbaris
637 744 841 809 inferendum
864 743 1088 808 commendet?

230 841 252 906 J
254 865 305 906 arn
317 863 395 905 vero
411 841 473 905 has
487 843 757 928 interrogationes
773 844 955 908 rhetoricae
973 865 993 906 a
1012 843 1147 928 reliquis
1162 844 1288 909 Attico·

149 966 221 1008 rum
244 941 429 1006 oratoribus¹
450 954 610 1026 augentur
633 953 666 1008 et
688 943 926 1029 amplificantur
949 942 1086 1007 artificio
1106 966 1153 1024 eo,
1175 953 1210 1008 ut
1232 955 1288 1008 aut

101 1088 103 1093 -
148 1044 213 1128 ipsi
229 1042 432 1124 interrogati
465 1041 721 1126 respondeamus
751 1052 806 1106 aut
828 1041 894 1119 ,alii
923 1040 1054 1106 cuidam
1084 1044 1285 1128 interrogato

149 1152 295 1206 nostrum
305 1142 452 1224 ipsorum
467 1138 679 1226 subjiciamus
693 1163 895 1227 responsum.
930 1127 1022 1220 Quae
1039 1141 1169 1226 quidem
1180 1141 1286 1226 figura

147 1241 361 1315 (Graecorum
383 1234 590 1321 ὑποφορὰ,
610 1240 803 1304 Latinorum
827 1239 1059 1326 subjectio),
1090 1240 1285 1304 creberrima

148 1340 205 1404 illa
220 1337 307 1425 apud
322 1327 457 1423 Lysiam
469 1341 500 1416 1),
524 1339 558 1401 in
572 1339 746 1403 Isocrateis
767 1338 968 1404 orationibus
986 1361 1026 1403 ne
1043 1339 1141 1404 semel
1157 1340 1286 1426 quidem

148 1439 242 1504 nobis
264 1439 326 1502 fuit
348 1437 455 1518 obvia,
484 1436 754 1524 quemadmodum
782 1436 823 1501 ab
845 1461 892 1503 eo⁸
905 1440 1009 1503 omnis
1028 1438 1081 1502 ille
1104 1438 1284 1526 praesidio-

147 1562 218 1602 rum
241 1547 429 1624 apparatus‚
452 1536 570 1623 quibus
590 1536 646 1600 alii
667 1539 791 1602 animos
811 1535 1010 1601 audientium
1029 1547 1181 1603 moveant
1202 1559 1284 1602 rem-

146 1661 218 1726 que,
243 1660 340 1724 quam
361 1647 471 1720 agunt,
499 1644 662 1715 tueantur,
689 1635 813 1719 alienus
835 1645 891 1701 est.
940 1636 1179 1702 Desiderantur
1200 1639 1284 1701 enim

146 1760 256 1804 omnes
278 1730 403 1822 figurae
416 1735 567 1818 efficaces
584 1736 700 1801 haece:
711 1737 1004 1822 praesumptio
1026 1731 1204 1823 (πρόληψις
1216 1738 1284 1801 sive

147 1832 413 1920 προκατάληψις),
442 1835 600 1901 confessio
623 1832 853 1920 (συγχώρησις),
870 1835 1088 1900 dubitatio
1111 1831 1285 1917 (διαπόρη-

149 1942 221 2019 τις),
253 1951 424 1999 aversus
447 1956 468 1998 a
489 1933 624 2021 judice
647 1958 781 2000 sermo
803 1926 1035 2020 (ἀποστροφή),
1064 1937 1284 2000 communi·

150 2036 254 2100 catio
276 2024 532 2112 (ἇνακοίνωσις),
564 2023 783 2121 permissio
814 2028 1014 2119 (ἐπετροπὴ),
1042 2034 1159 2120 quibus
1188 2034 1283 2121 plane

149 2134 321 2199 destitutae
350 2133 393 2197 Is.
425 2135 602 2217 orationes,
634 2136 810 2220 praecipue
840 2134 1019 2220 judiciales,
1053 2140 1140 2198 omni
1171 2144 1283 2199 carent

147 2237 260 2318 vigore
275 2242 307 2297 et
328 2232 507 2297 alacritate.
537 2232 685 2319 Namque
699 2235 733 2296 in
749 2231 891 2319 politicis
906 2233 1105 2299 orationibus
1124 2236 1228 2298 minus
1247 2258 1283 2299 re

147 2336 328 2418 quiruntur,
353 2333 474 2418 quippe
492 2333 527 2395 in
541 2330 658 2417 quibus
679 2342 789 2396 orator
803 2355 908 2420 neque
928 2354 1038 2397 coram
1050 2333 1163 2420 judice
1177 2356 1283 2420 neque

145 2441 256 2496 contra
281 2429 422 2514 singulos
445 2429 651 2494 adversarios
673 2430 775 2495 verba
795 2431 904 2495 faciat.
980 2481 981 2486 ι

226 2529 543 2594 Emendationis
581 2539 609 2593 a
643 2531 852 2594 correctionis
891 2530 1015 2615 figurae
1056 2553 1154 2593 unum
1189 2529 1282 2594 nobis

146 2639 276 2716 praesto
299 2638 348 2693 est
375 2630 540 2715 specimen
560 2650 603 2692 ex
624 2650 670 2694 or.
692 2627 769 2710 XII,
795 2633 864 2707 227,
896 2628 952 2693 ubi
972 2633 1131 2697 Isocrates
1155 2639 1282 2714 postea-

145 2752 244 2816 quam
260 2727 538 2792 Lacedaemonios
552 2738 688 2819 propter
706 2728 913 2793 concordiam
930 2751 1000 2792 esse
1023 2750 1124 2815 aeque
1146 2726 1282 2792 laudan·

145 2829 204 2892 dos
228 2850 266 2891 ac
288 2830 412 2913 piratas
435 2835 467 2890 et
487 2826 638 2910 latrones,
662 2829 717 2913 qui
737 2829 822 2892 inter
845 2851 879 2892 se
901 2817 1046 2892 unanimi
1069 2826 1151 2892 alios
1170 2827 1283 2914 deper-

146 2927 234 3008 dant,
256 2949 297 2991 ne
320 2928 391 3014 quis
414 2926 498 2991 hano
528 2925 770 2991 similitudinem
790 2926 918 2992 illorum
942 2925 1068 3011 gloriae
1096 2926 1179 2990 male
1209 2949 1282 2992 oon-

145 3027 325 3093 venientem
348 3026 467 3090 habeat
487 3028 610 3090 veritus
633 3049 667 3090 se
689 3028 760 3112 ipse
782 3027 918 3112 corrigit
932 3025 1151 3110 Triballisque
1174 3029 1282 3112 potius

138 3124 218 3189 -illos
241 3136 418 3211 comparat,
438 3148 518 3212 quos
542 3148 652 3190 omnes
675 3126 787 3191 dicunt
801 3126 977 3195 concordes
992 3125 1203 3212 pessumdare
1217 3149 1283 3190 non

145 3224 298 3289 finitimos
322 3224 433 3302 solum,
457 3224 514 3289 sed
535 3227 718 3313 quicunque
741 3228 791 3290 sui
812 3235 1004 3312 potestatem
1025 3224 1157 3289 faciant.

226 3324 403 3388 Praeterea
445 3323 740 3390 occultationis
780 3347 838 3389 seu
874 3326 1117 3404 omissionis
1158 3323 1282 3408 figurae

147 3423 335 3508 aptissimae
358 3423 443 3487 illius
465 3423 509 3487 ad
529 3423 753 3487 illustrandam
778 3435 900 3494 certam
923 3423 1085 3510 quandam
1113 3447 1182 3489 rem
1204 3447 1281 3490 non·

144 3521 235 3586 nulla
256 3522 344 3608 apud
366 3522 408 3586 Is.
430 3533 559 3587 exstant
580 3523 740 3610 exempla,
761 3533 797 3589 ut
817 3525 857 3606 V,
880 3528 935 3590 22:
956 3516 1038 3586 todi
1064 3517 1212 3599 ἀκούσας
1237 3517 1283 3600 ὡς

144 3617 204 3702 μὲν
224 3619 417 3700 τὸπρῶτον
437 3616 622 3708 ἐξεπλάγην,
651 3622 708 3687 καὶ
734 3618 840 3687 πάλιν
867 3617 912 3698 ὡς
940 3615 1116 3702 ἀναλαβών
1144 3618 1282 3704 ἐμαυτὸν

144 3714 300 3784 αἷντεῖπον
316 3715 454 3785 ἕκαστον
474 3723 540 3784 τῶν
560 3717 644 3804 πρὸς
664 3717 844 3808 ῥηθέντων,
868 3715 1131 3807 παραλείψω,
1155 3719 1201 3806 μὴ
1225 3720 1282 3786 καὶ

146 3817 230 3898 δόξω
251 3817 318 3885 τισὶ
341 3818 413 3885 λίαν
440 3813 585 3902 ἀγαπᾶν,
619 3814 647 3886 εἰ
669 3819 843 3905 χαριέντως
871 3817 989 3897 αὐτοὺς
1006 3814 1188 3908 ἠμυνάμην,
1218 3844 1280 3908 quo

144 3920 216 3986 loco
239 3923 378 4007 scriptor
402 3944 436 3986 se
457 3921 646 3996 familiares,
679 3924 736 4006 qui
756 3945 829 3987 eum
856 3921 896 3987 de
924 3923 1068 3988 oratione
1097 3919 1139 3985 ad
1158 3920 1281 4007 Philip-

98 4089 101 4093 <
145 4043 223 4105 pum
237 4021 395 4085 mittenda
414 4021 702 4107 reprehenderant,
727 4021 852 4086 urbane
865 4021 1024 4086 refutasse
1043 4042 1116 4084 cum
1135 4023 1281 4084 omittere

143 4119 231 4195 velit,
254 4127 290 4182 ut
312 4129 419 4184 tamen
442 4120 539 4206 plane
560 4121 695 4187 reticeat
723 4117 864 4186 animum
892 4120 1045 4184 inducere
1075 4141 1140 4184 non
1165 4127 1282 4205 postet.

212 4337 236 4399 1)
255 4335 344 4390 Blass.
361 4356 388 4408 p.
407 4340 466 4390 lot.
483 4339 508 4394 8.

1025 4420 1073 4473 3ss
