2946 4830
611 1443 850 1542 Praefatio.

250 1697 302 1760 De
330 1697 507 1774 elocutione
534 1697 700 1762 Isocratoa
727 1700 907 1784 exposituri
934 1697 1080 1761 videmur
1108 1696 1202 1760 nobis
1230 1697 1300 1782 jure

169 1814 313 1898 praefari
329 1813 493 1898 egregium
507 1812 587 1878 illud
599 1814 766 1880 Ciceronis
774 1814 807 1893 1),
814 1814 1032 1879 Romanorum
1044 1813 1124 1876 artis
1139 1814 1301 1876 oratoriae

169 1929 336 2012 antistitis,
348 1928 521 1994 Graeciam
536 1953 663 2018 semper
674 1931 875 2015 eloquentiae
887 1931 1067 2017 principem
1081 1929 1301 1993 essevoluisse

168 2055 265 2132 atque
286 2044 435 2128 Athenis,
458 2047 598 2111 omnium
622 2047 841 2113 doctrinarum
865 2045 1114 2128 inventricibus,
1144 2068 1301 2110 summam

166 2161 297 2226 dicendi
319 2163 385 2226 vim
402 2184 473 2227 esse
488 2173 520 2228 et
533 2164 696 2229 inventam
719 2172 750 2228 et
771 2165 957 2250 perfectam.
991 2163 1037 2228 Ut
1054 2163 1140 2227 enim
1154 2161 1301 2228 Athenae
1401 2176 1410 2197 ·

165 2276 300 2363 reliquis
323 2277 485 2343 Graeciae
507 2280 694 2344 civitatibus
717 2279 950 2366 elegantiarum
979 2280 1113 2362 artium,
1141 2279 1301 2364 imprimis

167 2396 345 2476 oratoriae,
374 2394 525 2459 laudibus
548 2397 750 2483 praestitisse
772 2398 887 2462 merito
905 2396 947 2461 ab
969 2395 1117 2461 omnibus
1145 2396 1301 2478 feruntur,

171 2512 217 2572 ita
237 2510 320 2574 inter
343 2532 382 2574 ea
410 2532 493 2597 quae
520 2521 644 2576 tantum
671 2515 797 2600 patriae
824 2522 1095 2600 comparaverunt
1121 2511 1301 2597 splendoris

172 2626 375 2710 ingeniorum
401 2627 523 2692 lumina
551 2652 616 2693 non
644 2630 709 2694 imo
741 2631 844 2694 nitere
876 2629 947 2694 loco
976 2629 1155 2693 Isocratem
1181 2628 1301 2715 optime

171 2741 260 2806 illum
285 2741 326 2807 de
348 2744 579 2810 conformanda
600 2755 697 2833 atque
719 2745 897 2812 excolenda
912 2744 1040 2809 dicendi
1062 2753 1132 2809 arte
1153 2745 1301 2808 meritum

170 2860 231 2923 etsi
265 2859 322 2924 diu
349 2860 494 2944 fuerunt,
525 2864 580 2946 qui
605 2872 777 2949 negarent,
801 2866 874 2951 ¹jure
903 2871 1011 2926 tamen
1037 2883 1132 2925 nemo
1161 2883 1302 2947 unquam

169 2975 329 3039 infitiatus
352 2974 438 3053 est2).
480 2976 533 3040 De
555 2979 645 3064 cujus
665 2980 728 3043 viri
750 2981 836 3044 omni
858 2979 1060 3066 praestantia
1082 2987 1177 3065 atque
1195 2986 1301 3041 aucto·

170 3091 265 3155 ritate
292 3089 446 3157 nonnulla
475 3094 696 3178 praemittere,
723 3093 884 3181 undequi
909 3096 1031 3160 factum
1057 3095 1113 3178 sit,
1149 3102 1185 3159 ut
1212 3101 1303 3158 tanta

171 3205 225 3270 ille
241 3230 312 3272 eum
336 3207 513 3273 subtilitate
530 3209 563 3273 in
579 3208 757 3296 eloquendo
777 3209 961 3276 elaboraret
979 3213 1207 3299 perspiciatur,
1226 3233 1246 3275 a
1267 3233 1302 3274 ro

172 3323 244 3408 ipsa
259 3323 352 3388 nobis
368 3326 539 3411 proposita
560 3348 623 3390 non
639 3325 778 3390 alienum
799 3325 927 3392 videtur
945 3349 1025 3392 esse.
1057 3328 1171 3414 Itaque
1191 3349 1302 3390 eorum

173 3460 259 3524 quae
283 3447 314 3503 et
329 3441 468 3528 scriptor
483 3442 523 3506 de
539 3465 573 3506 se
588 3444 660 3529 ipse
676 3453 724 3507 est
736 3443 901 3530 professus
917 3453 948 3507 et
960 3445 1147 3508 recentioris
1164 3443 1304 3507 maxime

170 3555 287 3619 aetatis
314 3555 378 3620 viri
400 3555 487 3621 docti
512 3558 552 3622 de
575 3557 710 3645 singulis
732 3560 887 3624 Isocratis
911 3558 1026 3624 studiis
1048 3559 1269 3623 disseruerunt
1280 3559 1304 3636 3)

239 3822 263 3885 1)
283 3821 317 3875 de
335 3828 402 3875 orat.
421 3821 443 3889 I,
461 3824 485 3884 4,
505 3824 545 3874 13.

237 3905 263 3972 2)
282 3904 344 3958 vide
362 3904 474 3972 Dionys.
492 3905 582 3958 Halio.
599 3907 634 3959 de
652 3906 735 3958 Isoor.
748 3907 809 3976 jud.
827 3906 906 3959 Tom.
925 3905 960 3972 V,
978 3925 1004 3975 p.
1024 3909 1082 3959 536.
1100 3909 1131 3958 37
1150 3907 1183 3959 R.

154 3974 162 3983 ’
238 3989 263 4053 3)
281 3987 375 4054 veluti,
393 3995 425 4041 ut
442 3987 579 4057 proximos
597 3989 709 4060 quidem
730 4006 979 4056 commemoremus,
1003 3991 1037 4043 de
1055 3990 1113 4061 ejus
1131 3990 1307 4062 philosophia

172 4069 288 4124 maxime
305 4072 341 4124 H.
359 4071 390 4124 P.
412 4070 564 4125 Schreeder
586 4070 776 4138 ,Quaestiones
794 4073 972 4140 Isocrateae‘,
997 4074 1073 4145 Traj.
1099 4075 1172 4141 1859,
1196 4076 1229 4128 de
1248 4082 1306 4128 arte

173 4152 245 4206 civili
262 4154 308 4208 W.
325 4154 441 4208 Onoken
458 4155 600 4222 ,Isocrates
619 4173 645 4207 u.
662 4155 763 4208 Athen‘
786 4156 953 4228 Heidelberg
973 4159 1059 4225 1862„
1084 4159 1118 4210 de
1139 4157 1199 4228 ipse
1216 4159 1307 4212 rheto-

172 4237 229 4290 rica
249 4236 280 4290 P.
302 4238 384 4292 Henn
407 4238 451 4308 ‚de
473 4237 593 4292 Isocrate
619 4241 736 4293 rhetore‘
759 4240 848 4292 Halae
874 4243 947 4293 1861.
980 4249 1008 4294 et
1029 4241 1162 4295 Aemilius
1185 4240 1307 4295 Plunthe

171 4319 283 4383 ,Plate’s
300 4320 411 4375 Urtheil
430 4322 497 4375 tiber
514 4322 656 4376 Isocrates‘
676 4322 739 4375 Teil
757 4322 780 4375 Ι.
798 4323 871 4377 dena
891 4327 963 4377 tsstl.
